2556 3824
338 297 373 348 λδ

338 436 386 490 καί
401 433 439 490 ἔτι
461 433 477 490 ῦ
489 432 586 499 Ἀθως
604 433 641 498 τός
658 432 723 503 παρ’
735 432 899 508 Ἀπολλωνίῳ
910 441 948 509 τῷ
957 433 1065 510 Ῥοδίφ·
1078 434 1154 494 Ἀθω
1166 435 1228 493 οἰνέ-

337 530 407 580 τελλε
432 524 539 594 κολοόνη
557 525 691 592 θρηῦκία·
712 518 804 586 Ἀθως
827 524 955 581 καλύπτει
978 528 1081 594 πλεορά
1103 529 1230 595 Λημνίας

337 612 421 684 βοός,
447 614 581 680 παροιμία
600 609 644 666 ἐπί
662 614 717 666 τοῦν
734 613 812 674 τινὰς
829 612 986 668 λυπούντων
1004 611 1023 683 ἤ
1040 614 1231 686 βλαπτόντων,

338 699 429 769 ἐπειδὴ
448 701 495 755 καί
512 699 563 769 τὴν
581 701 648 771 βοῦν
665 703 714 768 τῆς
732 698 762 755 ἐν
780 698 881 771 Λήμνῳ
900 705 995 756 λευκοῦ
1014 705 1096 758 λίθου
1114 721 1230 770 πεποιη-

336 789 421 859 μένην
435 784 526 852 ’.ίθως
543 789 574 844 τὸ
594 783 659 856 ὄρος
677 786 827 854 ἐπισκιάζει.

408 876 480 932 *λδ
502 876 734 932 Κατεσοίκετο.
753 880 843 941 καλός
859 877 891 933 τῦ
907 877 1014 947 τήκειν.
1034 881 1157 947 σημαίνει
1174 879 1232 946 γὰρ

336 966 367 1021 τό
386 965 456 1019 κατὰ
474 965 572 1031 μικρὸν
590 962 729 1031 ῦποῤῥεῖν.
752 969 781 1018 L.
808 964 913 1034 Αίμον
931 968 980 1021 τὸν
999 967 1037 1029 εἰς
1053 969 1140 1035 μῆκος
1157 965 1230 1020 ἐκτε-

335 1052 466 1121 ταμένον,
486 1049 609 1120 ῦψηλόν·
625 1047 690 1118 ὄρος
703 1050 814 1123 Θρᾴκης
826 1050 882 1108 όπδ
895 1054 1020 1120 Αἵμωνός
1032 1073 1109 1117 τινος
1128 1051 1231 1122 ἄρξαν-

335 1161 381 1203 τος
400 1137 542 1213 ἐντούτῳ.
570 1144 606 1194 Μ.

405 1235 435 1284 Β.
454 1232 498 1282 77.
535 1233 600 1284 Post
627 1226 835 1298 ἐπωνόμασται·
858 1224 951 1292 'Aetne
977 1228 1006 1282 δὲ
1033 1230 1079 1284 καί
1106 1226 1229 1300 Ῥοδόπη

335 1317 459 1385 ὀνόματα
480 1313 551 1385 όριῦν
571 1317 689 1391 Θρᾴκης.
715 1351 737 1364 ·-
768 1321 799 1371 A.
820 1315 937 1386 Ῥοδόπη
955 1312 1045 1385 ὄνομα
1063 1315 1158 1384 κόριον
1176 1321 1226 1370 καί

335 1403 400 1475 ὄρος
413 1406 524 1480 Θρᾴκης
538 1401 605 1461 ὅθεν
618 1406 652 1460 τὰ
666 1406 787 1474 ῥεύματα
800 1401 956 1477 ἔγειἝβρος
968 1404 1092 1473 ποταμός
1104 1401 1222 1474 Θρᾴκης.

406 1501 438 1550 Α.
457 1501 501 1550 78.
527 1497 587 1550 τὸν
614 1495 776 1550 αἰπόλον.
805 1488 886 1558 οὖτος
912 1495 1070 1565 φθονηθεὶς
1094 1489 1148 1546 ῦπὸ
1173 1493 1226 1546 τοῦ

334 1585 467 1640 δεσπότου
486 1583 582 1639 διὰτὸ
601 1586 686 1652 συχνὰ
705 1583 785 1639 θῦειν
802 1589 863 1646 ταῖς
884 1585 1011 1646 Μούσαις
1028 1579 1226 1648 ἐναπενλείσθη

334 1676 426 1745 ξυλίνη
446 1672 568 1740 λάρνακι.

405 1761 477 1815 *⁸1.
503 1760 545 1816 κε’
551 1764 648 1829 δρον,
669 1755 753 1830 ἤγουν
771 1759 821 1829 τῆν
839 1759 964 1827 λάρνακα
981 1759 1031 1830 τῆν
1050 1756 1105 1812 α’πό
1125 1757 1226 1826 κέδρου

332 1848 595 1919 κατεσκευασμένην,
615 1844 674 1918 ἥτις
693 1846 761 1916 εἶχεν
780 1845 890 1904 ἐκεῖνον.
927 1853 963 1903 Μ.

403 1944 435 1994 Α.
454 1944 498 1994 86.
526 1935 602 1994 αἴθ’
621 1935 674 1993 ἐπ’
692 1934 783 2006 ἐμοί.
810 1938 871 1992 εἴθε
894 1934 1075 2004 ἀποκείμενον
1098 1926 1134 2005 ἤν
1152 1932 1228 1991 είναί

333 2047 361 2085 σε
379 2026 541 2097 ἐναρίθμιον
565 2032 622 2090 τοῖς
647 2030 735 2093 ζωοῖς.
762 2023 813 2080 ἐπ’
833 2023 923 2092 ἐμοί.
951 2021 1036 2095 ἤγουν
1054 2023 1097 2080 ἐπὶ
1116 2027 1150 2096 τῆ
1170 2029 1227 2096 ζωῇ

333 2119 367 2188 τῦ
385 2113 444 2186 ἐνῇ·

405 2203 483 2259 ’¹²93-
514 2204 637 2266 Ζανός.
665 2202 808 2271 παροιμία.
845 2206 873 2256 L.

404 2293 478 2348 *θθ
504 2289 709 2358 ίπέπταρον.
728 2287 910 2359 ἐπέπνευσαν,
930 2290 1054 2360 ἐπῆλθον
1071 2288 1227 2357 ίπτοίμενοι.

333 2387 369 2435 Μ.
391 2379 434 2436 ἐπί
454 2382 527 2451 καλῷ
547 2378 642 2434 ἔπεσον
660 2378 705 2432 καί
723 2375 840 2435 ἐδέοντο.
859 2377 1097 2450 ικίμνῆσθησαν,
1116 2379 1228 2449 βαρέως

333 2469 509 2524 ἐπέπνενσαν.
536 2473 564 2523 C·

354 2575 358 2582 ·
404 2557 481 2613 ⁹⁶98.
511 2553 725 2628 οἷνὲριτῆνῳ.
744 2551 828 2625 ἤγουν
847 2553 1116 2630 ἐμοίτῷΣιμιγίδη·
1136 2553 1224 2612 ῦπαλ-

332 2645 417 2715 λαγῆν
435 2647 488 2714 γὰρ
506 2650 622 2700 ποιεῖται
640 2647 691 2699 τοῦ
708 2645 864 2712 προςόπον.
892 2650 924 2712 Q.

403 2740 433 2788 B.
452 2737 495 2789 99.
524 2730 622 2788 οἶδεν
640 2730 794 2800 Ἆρίστις.
814 2735 846 2788 τὸ
865 2731 945 2803 ἑξῆς·
964 2729 1038 2788 οἶδεν
1056 2730 1169 2800 Ἀρίοτις
1189 2732 1225 2796 οῦς

333 2820 361 2876 ἐκ
386 2823 487 2885 παιδὸς
507 2818 619 2888 ’Ἄρατος
645 2819 692 2876 εἶπ’
720 2819 812 2878 ὀστέον
838 2819 953 2891 ἐθὲλγετ’
981 2821 1075 2890 ἔρωτι·
1102 2818 1225 2889 Ὀμόλας

333 2908 407 2966 οἶδεν
424 2907 439 2965 ό
459 2907 569 2979 ἁγαθός
586 2909 709 2978 Ἀρίστις,
729 2902 810 2975 οὗτος
826 2909 857 2966 δὲ
875 2909 1042 2984 κιθαρῳδός.

403 2997 500 3056 *102
528 2998 562 3054 ἐκ
587 3000 729 3063 παιδός.
756 2995 840 3069 ἤγουν
862 2997 892 3053 ἐκ
909 2995 1039 3068 παιδικῆς
1056 2995 1176 3068 ἡλικίας·
1207 2996 1224 3068 ἤ

332 3087 411 3144 ἕνεκα
428 3088 529 3152 παιδός
546 3109 626 3152 τινος.
647 3095 676 3143 Ε.
695 3085 754 3143 ὑπ’
772 3085 850 3144 όστέ
857 3109 907 3144 ον.
927 3083 1010 3157 ἤγουν
1028 3087 1104 3156 με’γρι
1122 3089 1224 3155 μυελοῦ

332 3181 381 3233 τοῦ
399 3173 454 3234 ῦπό
472 3180 504 3232 τδ
524 3175 632 3233 ὀστοῦν.
657 3183 695 3234 Μ.

406 3272 433 3320 Β.
463 3271 525 3322 104.
553 3261 701 3335 ἄκλητον
728 3268 875 3322 κείνοιο·
906 3263 989 3338 ῆγονν
1016 3266 1061 3320 καί
1088 3264 1143 3331 πρὸ
1173 3268 1222 3322 τοῦ
