<?xml version="1.0" encoding="UTF-8"?>
<!DOCTYPE html PUBLIC "-//W3C//DTD XHTML 1.0 Transitional//EN"
    "http://www.w3.org/TR/xhtml1/DTD/xhtml1-transitional.dtd">
<html xmlns="http://www.w3.org/1999/xhtml" xml:lang="en" lang="en">
 <head>
  <title>
</title>
<meta http-equiv="Content-Type" content="text/html;charset=utf-8" />
  <meta name='ocr-system' content='tesseract 3.04.00' />
  <meta name='ocr-capabilities' content='ocr_page ocr_carea ocr_par ocr_line ocrx_word'/>
</head>
<body>
  <div class='ocr_page' id='page_1' title='image "./scholiorumtheoc00unkngoog_0061.png"; bbox 0 0 2556 3824; ppageno 0'>
   <div class='ocr_carea' id='block_1_1' title="bbox 332 277 367 327">
    <p class='ocr_par' dir='ltr' id='par_1_1' title="bbox 332 277 367 327">
     <span class='ocr_line' id='line_1_1' title="bbox 332 277 367 327; baseline 0 0"><span class='ocrx_word' id='word_1_1' title='bbox 332 277 367 327; x_wconf 70' lang='lat'><strong><em>32</em></strong></span> 
     </span>
    </p>
   </div>
   <div class='ocr_carea' id='block_1_2' title="bbox 330 402 1221 574">
    <p class='ocr_par' dir='ltr' id='par_1_2' title="bbox 330 402 1221 574">
     <span class='ocr_line' id='line_1_2' title="bbox 330 402 1221 481; baseline -0.012 -11"><span class='ocrx_word' id='word_1_2' title='bbox 330 418 391 476; x_wconf 80' lang='grc' dir='ltr'><strong><em>ταῖς</em></strong></span> <span class='ocrx_word' id='word_1_3' title='bbox 408 414 515 481; x_wconf 89' lang='grc' dir='ltr'><strong><em>λίμναις</em></strong></span> <span class='ocrx_word' id='word_1_4' title='bbox 532 409 665 479; x_wconf 85' lang='grc' dir='ltr'><strong><em>Νηρηίδα</em></strong></span> <span class='ocrx_word' id='word_1_5' title='bbox 687 409 809 478; x_wconf 80' lang='grc' dir='ltr'><strong><em>γᾶμεν,</em></strong></span> <span class='ocrx_word' id='word_1_6' title='bbox 838 404 947 476; x_wconf 74' lang='grc' dir='ltr'><strong><em>ἔγημεν,</em></strong></span> <span class='ocrx_word' id='word_1_7' title='bbox 974 407 1012 469; x_wconf 88' lang='grc' dir='ltr'><strong><em>είς</em></strong></span> <span class='ocrx_word' id='word_1_8' title='bbox 1028 411 1144 476; x_wconf 81' lang='grc' dir='ltr'><strong><em>γυναῖκα</em></strong></span> <span class='ocrx_word' id='word_1_9' title='bbox 1162 402 1221 459; x_wconf 80' lang='grc' dir='ltr'><strong><em>ἔλα·</em></strong></span> 
     </span>
     <span class='ocr_line' id='line_1_3' title="bbox 330 505 508 574; baseline -0.017 -15"><span class='ocrx_word' id='word_1_10' title='bbox 330 505 384 574; x_wconf 83' lang='grc' dir='ltr'><strong><em>βεν.</em></strong></span> <span class='ocrx_word' id='word_1_11' title='bbox 413 506 452 557; x_wconf 85' lang='grc' dir='ltr'><strong><em>Μ.</em></strong></span> <span class='ocrx_word' id='word_1_12' title='bbox 485 535 508 544; x_wconf 97' lang='grc'>-</span> 
     </span>
    </p>
   </div>
   <div class='ocr_carea' id='block_1_3' title="bbox 691 627 866 636">
    <p class='ocr_par' dir='ltr' id='par_1_3' title="bbox 691 627 866 636">
     <span class='ocr_line' id='line_1_4' title="bbox 691 627 866 636; baseline 0 -2"><span class='ocrx_word' id='word_1_13' title='bbox 691 627 789 636; x_wconf 52' lang='grc' dir='ltr'><strong><em>...μ-.-</em></strong></span> <span class='ocrx_word' id='word_1_14' title='bbox 807 627 866 634; x_wconf 65' lang='grc'><strong><em>-..-</em></strong></span> 
     </span>
    </p>
   </div>
   <div class='ocr_carea' id='block_1_4' title="bbox 618 777 944 848">
    <p class='ocr_par' dir='ltr' id='par_1_4' title="bbox 618 777 944 848">
     <span class='ocr_line' id='line_1_5' title="bbox 618 777 944 848; baseline -0.006 0"><span class='ocrx_word' id='word_1_15' title='bbox 618 784 874 848; x_wconf 71' lang='grc' dir='ltr'><em>ΕΙΔΤΛΛΙΟΝ</em></span> <span class='ocrx_word' id='word_1_16' title='bbox 895 777 944 847; x_wconf 84' lang='grc' dir='ltr'><strong><em>θ’.</em></strong></span> 
     </span>
    </p>
   </div>
   <div class='ocr_carea' id='block_1_5' title="bbox 331 934 1228 3402">
    <p class='ocr_par' dir='ltr' id='par_1_5' title="bbox 331 934 1228 1627">
     <span class='ocr_line' id='line_1_6' title="bbox 403 934 1228 1011; baseline -0.008 -12"><span class='ocrx_word' id='word_1_17' title='bbox 403 949 435 998; x_wconf 84' lang='grc' dir='ltr'><strong><em>Δ.</em></strong></span> <span class='ocrx_word' id='word_1_18' title='bbox 466 953 531 1011; x_wconf 75' lang='lat' dir='ltr'><strong>Arg.</strong></span> <span class='ocrx_word' id='word_1_19' title='bbox 576 941 619 996; x_wconf 82' lang='grc' dir='ltr'><strong><em>Τά</em></strong></span> <span class='ocrx_word' id='word_1_20' title='bbox 636 939 687 1010; x_wconf 74' lang='grc' dir='ltr'><strong><em>μὲν</em></strong></span> <span class='ocrx_word' id='word_1_21' title='bbox 704 940 853 1010; x_wconf 77' lang='grc' dir='ltr'><strong><em>πράγματα</em></strong></span> <span class='ocrx_word' id='word_1_22' title='bbox 871 936 914 995; x_wconf 75' lang='grc' dir='ltr'><strong><em>ἐπί</em></strong></span> <span class='ocrx_word' id='word_1_23' title='bbox 932 939 1056 1002; x_wconf 82' lang='grc' dir='ltr'><strong><em>Σικελίας</em></strong></span> <span class='ocrx_word' id='word_1_24' title='bbox 1073 934 1228 1008; x_wconf 71' lang='grc' dir='ltr'><strong><em>ὑφίσταται</em></strong></span> 
     </span>
     <span class='ocr_line' id='line_1_7' title="bbox 409 1021 1225 1100; baseline -0.004 -14.345"><span class='ocrx_word' id='word_1_25' title='bbox 409 1031 696 1100; x_wconf 72' lang='grc' dir='ltr'><strong><em>κατακρημνισθῆναι.</em></strong></span> <span class='ocrx_word' id='word_1_26' title='bbox 724 1021 805 1092; x_wconf 85' lang='grc' dir='ltr'><strong><em>ούτος</em></strong></span> <span class='ocrx_word' id='word_1_27' title='bbox 828 1026 879 1098; x_wconf 72' lang='grc' dir='ltr'><strong><em>μὲν</em></strong></span> <span class='ocrx_word' id='word_1_28' title='bbox 905 1030 957 1098; x_wconf 78' lang='grc' dir='ltr'><strong><em>γὰρ</em></strong></span> <span class='ocrx_word' id='word_1_29' title='bbox 984 1025 1039 1084; x_wconf 75' lang='grc' dir='ltr'><strong><em>ἐστὶ</em></strong></span> <span class='ocrx_word' id='word_1_30' title='bbox 1066 1025 1225 1094; x_wconf 83' lang='grc' dir='ltr'><strong><em>Σικελικός,</em></strong></span> 
     </span>
     <span class='ocr_line' id='line_1_8' title="bbox 331 1105 1226 1186; baseline -0.008 -10"><span class='ocrx_word' id='word_1_31' title='bbox 331 1119 433 1184; x_wconf 72' lang='grc' dir='ltr'><strong><em>ἐκεῖνος</em></strong></span> <span class='ocrx_word' id='word_1_32' title='bbox 457 1117 488 1175; x_wconf 69' lang='grc' dir='ltr'><strong><em>δέ</em></strong></span> <span class='ocrx_word' id='word_1_33' title='bbox 513 1105 671 1182; x_wconf 62' lang='grc' dir='ltr'><strong><em>Χαλκιδεύς.</em></strong></span> <span class='ocrx_word' id='word_1_34' title='bbox 710 1117 749 1174; x_wconf 83' lang='grc' dir='ltr'><strong><em>Τδ</em></strong></span> <span class='ocrx_word' id='word_1_35' title='bbox 775 1116 805 1173; x_wconf 77' lang='grc' dir='ltr'><strong><em>δέ</em></strong></span> <span class='ocrx_word' id='word_1_36' title='bbox 830 1116 962 1174; x_wconf 87' lang='grc' dir='ltr'><strong><em>είδύλλισν</em></strong></span> <span class='ocrx_word' id='word_1_37' title='bbox 986 1116 1157 1186; x_wconf 74' lang='grc' dir='ltr'><strong><em>δραματικὸν</em></strong></span> <span class='ocrx_word' id='word_1_38' title='bbox 1175 1117 1226 1170; x_wconf 80' lang='grc' dir='ltr'><strong><em>καὶ</em></strong></span> 
     </span>
     <span class='ocr_line' id='line_1_9' title="bbox 332 1203 1228 1280; baseline -0.007 -15"><span class='ocrx_word' id='word_1_39' title='bbox 332 1206 542 1280; x_wconf 84' lang='grc' dir='ltr'><strong><em>διηγηματικόν·</em></strong></span> <span class='ocrx_word' id='word_1_40' title='bbox 561 1209 731 1277; x_wconf 75' lang='grc' dir='ltr'><strong><em>δραματικὸν</em></strong></span> <span class='ocrx_word' id='word_1_41' title='bbox 751 1203 789 1271; x_wconf 77' lang='grc' dir='ltr'><strong><em>ἀς</em></strong></span> <span class='ocrx_word' id='word_1_42' title='bbox 806 1204 868 1277; x_wconf 82' lang='grc' dir='ltr'><strong><em>έγον</em></strong></span> <span class='ocrx_word' id='word_1_43' title='bbox 879 1204 912 1262; x_wconf 83' lang='grc' dir='ltr'><strong><em>τὸ</em></strong></span> <span class='ocrx_word' id='word_1_44' title='bbox 923 1207 974 1262; x_wconf 81' lang='grc' dir='ltr'><strong><em>τοῦ</em></strong></span> <span class='ocrx_word' id='word_1_45' title='bbox 985 1204 1131 1274; x_wconf 78' lang='grc' dir='ltr'><strong><em>Δάφνιδος</em></strong></span> <span class='ocrx_word' id='word_1_46' title='bbox 1142 1204 1228 1273; x_wconf 84' lang='grc' dir='ltr'><strong><em>πρός-</em></strong></span> 
     </span>
     <span class='ocr_line' id='line_1_10' title="bbox 332 1282 1226 1366; baseline -0.007 -12"><span class='ocrx_word' id='word_1_47' title='bbox 332 1317 425 1366; x_wconf 89' lang='grc' dir='ltr'><strong><em>ωπον,</em></strong></span> <span class='ocrx_word' id='word_1_48' title='bbox 452 1295 650 1366; x_wconf 81' lang='grc' dir='ltr'><strong><em>διηγηματικὸν</em></strong></span> <span class='ocrx_word' id='word_1_49' title='bbox 668 1293 715 1350; x_wconf 84' lang='grc' dir='ltr'><strong><em>διὰ</em></strong></span> <span class='ocrx_word' id='word_1_50' title='bbox 734 1295 785 1365; x_wconf 83' lang='grc' dir='ltr'><strong><em>τὴν</em></strong></span> <span class='ocrx_word' id='word_1_51' title='bbox 802 1296 852 1350; x_wconf 76' lang='grc' dir='ltr'><strong><em>τοῦ</em></strong></span> <span class='ocrx_word' id='word_1_52' title='bbox 868 1294 974 1363; x_wconf 87' lang='grc' dir='ltr'><strong><em>νομέως</em></strong></span> <span class='ocrx_word' id='word_1_53' title='bbox 993 1292 1126 1362; x_wconf 86' lang='grc' dir='ltr'><strong><em>διήγησιν.</em></strong></span> <span class='ocrx_word' id='word_1_54' title='bbox 1154 1282 1226 1362; x_wconf 82' lang='grc' dir='ltr'><strong><em>[τού</em></strong></span> 
     </span>
     <span class='ocr_line' id='line_1_11' title="bbox 332 1381 1226 1456; baseline -0.007 -14"><span class='ocrx_word' id='word_1_55' title='bbox 332 1383 419 1445; x_wconf 67' lang='grc' dir='ltr'><strong><em>αὐτοῦ</em></strong></span> <span class='ocrx_word' id='word_1_56' title='bbox 435 1386 596 1456; x_wconf 86' lang='grc' dir='ltr'><strong><em>Τρικλινίου.</em></strong></span> <span class='ocrx_word' id='word_1_57' title='bbox 615 1387 667 1452; x_wconf 82' lang='grc' dir='ltr'><strong><em>Μ.]</em></strong></span> <span class='ocrx_word' id='word_1_58' title='bbox 689 1383 744 1437; x_wconf 81' lang='grc' dir='ltr'><strong><em>Καί</em></strong></span> <span class='ocrx_word' id='word_1_59' title='bbox 762 1385 792 1438; x_wconf 80' lang='grc' dir='ltr'><strong><em>τὸ</em></strong></span> <span class='ocrx_word' id='word_1_60' title='bbox 812 1384 904 1450; x_wconf 73' lang='grc' dir='ltr'><strong><em>παρὸν</em></strong></span> <span class='ocrx_word' id='word_1_61' title='bbox 922 1381 1054 1438; x_wconf 84' lang='grc' dir='ltr'><strong><em>είδύλλιον</em></strong></span> <span class='ocrx_word' id='word_1_62' title='bbox 1069 1382 1226 1436; x_wconf 74' lang='grc' dir='ltr'><strong><em>συνίσταται</em></strong></span> 
     </span>
     <span class='ocr_line' id='line_1_12' title="bbox 332 1458 1226 1543; baseline -0.007 -13"><span class='ocrx_word' id='word_1_63' title='bbox 332 1473 362 1530; x_wconf 84' lang='grc' dir='ltr'><strong><em>έκ</em></strong></span> <span class='ocrx_word' id='word_1_64' title='bbox 379 1475 477 1543; x_wconf 85' lang='grc' dir='ltr'><strong><em>στίγων</em></strong></span> <span class='ocrx_word' id='word_1_65' title='bbox 494 1473 662 1528; x_wconf 79' lang='grc' dir='ltr'><strong><em>δακτυλικύν</em></strong></span> <span class='ocrx_word' id='word_1_66' title='bbox 680 1469 834 1540; x_wconf 73' lang='grc' dir='ltr'><strong><em>ἑξαμέτρων</em></strong></span> <span class='ocrx_word' id='word_1_67' title='bbox 857 1468 1051 1540; x_wconf 85' lang='grc' dir='ltr'><strong><em>ἀκαταλήκτων</em></strong></span> <span class='ocrx_word' id='word_1_68' title='bbox 1073 1458 1111 1536; x_wconf 59' lang='lat' dir='ltr'><strong><em>k}</em></strong></span> <span class='ocrx_word' id='word_1_69' title='bbox 1127 1461 1165 1524; x_wconf 81' lang='grc' dir='ltr'><strong><em>σύν</em></strong></span> <span class='ocrx_word' id='word_1_70' title='bbox 1186 1489 1226 1525; x_wconf 84' lang='grc' dir='ltr'><strong><em>τε·</em></strong></span> 
     </span>
     <span class='ocr_line' id='line_1_13' title="bbox 331 1557 1064 1627; baseline -0.004 -9"><span class='ocrx_word' id='word_1_71' title='bbox 331 1568 468 1625; x_wconf 85' lang='grc' dir='ltr'><strong><em>λευταῖος·</em></strong></span> <span class='ocrx_word' id='word_1_72' title='bbox 489 1562 660 1627; x_wconf 83' lang='grc' dir='ltr'><strong><em>,,Γαθεύσιν.</em></strong></span> <span class='ocrx_word' id='word_1_73' title='bbox 672 1598 680 1613; x_wconf 85' lang='grc'><strong>.</strong></span> <span class='ocrx_word' id='word_1_74' title='bbox 691 1600 696 1612; x_wconf 93' lang='grc'>.</span> <span class='ocrx_word' id='word_1_75' title='bbox 709 1563 737 1614; x_wconf 80' lang='lat'><strong><em>.“</em></strong></span> <span class='ocrx_word' id='word_1_76' title='bbox 763 1593 788 1604; x_wconf 91' lang='lat'><em>-</em></span> <span class='ocrx_word' id='word_1_77' title='bbox 811 1557 827 1614; x_wconf 66' lang='grc' dir='ltr'><strong><em>*ἒ</em></strong></span> <span class='ocrx_word' id='word_1_78' title='bbox 846 1561 959 1627; x_wconf 78' lang='grc' dir='ltr'><strong><em>Δωρίδι.</em></strong></span> <span class='ocrx_word' id='word_1_79' title='bbox 977 1563 1015 1615; x_wconf 72' lang='grc' dir='ltr'><strong><em>Μ·</em></strong></span> <span class='ocrx_word' id='word_1_80' title='bbox 1039 1591 1064 1604; x_wconf 90' lang='lat'><strong><em>·-</em></strong></span> 
     </span>
    </p>

    <p class='ocr_par' dir='ltr' id='par_1_6' title="bbox 333 1646 1225 1896">
     <span class='ocr_line' id='line_1_14' title="bbox 403 1646 1225 1717; baseline -0.005 -12"><span class='ocrx_word' id='word_1_81' title='bbox 403 1656 432 1704; x_wconf 85' lang='grc' dir='ltr'><strong><em>Β.</em></strong></span> <span class='ocrx_word' id='word_1_82' title='bbox 452 1656 477 1704; x_wconf 90' lang='grc'><strong><em>1.</em></strong></span> <span class='ocrx_word' id='word_1_83' title='bbox 504 1649 740 1714; x_wconf 80' lang='grc' dir='ltr'><strong><em>Βουκολίαζεο</em></strong></span> <span class='ocrx_word' id='word_1_84' title='bbox 769 1646 899 1717; x_wconf 88' lang='grc' dir='ltr'><strong><em>Δάφνι,</em></strong></span> <span class='ocrx_word' id='word_1_85' title='bbox 928 1648 1160 1716; x_wconf 72' lang='grc' dir='ltr'><strong><em>σοναρξάσθω</em></strong></span> <span class='ocrx_word' id='word_1_86' title='bbox 1191 1647 1225 1702; x_wconf 77' lang='grc' dir='ltr'><strong><em>δέ</em></strong></span> 
     </span>
     <span class='ocr_line' id='line_1_15' title="bbox 334 1719 1225 1814; baseline -0.006 -20"><span class='ocrx_word' id='word_1_87' title='bbox 334 1738 529 1800; x_wconf 87' lang='grc' dir='ltr'><strong><em>Μενάλκας.</em></strong></span> <span class='ocrx_word' id='word_1_88' title='bbox 577 1735 616 1792; x_wconf 67' lang='lat' dir='ltr'><strong><em>T&amp;</em></strong></span> <span class='ocrx_word' id='word_1_89' title='bbox 640 1733 685 1802; x_wconf 73' lang='grc' dir='ltr'><strong><em>δὲ,</em></strong></span> <span class='ocrx_word' id='word_1_90' title='bbox 716 1739 858 1814; x_wconf 84' lang='grc' dir='ltr'><strong><em>Βουκολ.</em></strong></span> <span class='ocrx_word' id='word_1_91' title='bbox 885 1719 1225 1807; x_wconf 81' lang='grc' dir='ltr'><strong><em>τύυτέστιν,-βσσκολικὴν</em></strong></span> 
     </span>
     <span class='ocr_line' id='line_1_16' title="bbox 333 1824 512 1896; baseline 0 -14"><span class='ocrx_word' id='word_1_92' title='bbox 333 1828 431 1896; x_wconf 82' lang='grc' dir='ltr'><strong><em>φωνὴν</em></strong></span> <span class='ocrx_word' id='word_1_93' title='bbox 448 1824 512 1894; x_wconf 89' lang='grc' dir='ltr'><strong><em>λέγε.</em></strong></span> 
     </span>
    </p>

    <p class='ocr_par' dir='ltr' id='par_1_7' title="bbox 333 1908 1225 2071">
     <span class='ocr_line' id='line_1_17' title="bbox 403 1908 1225 1993; baseline 0.001 -25"><span class='ocrx_word' id='word_1_94' title='bbox 403 1919 435 1971; x_wconf 78' lang='grc' dir='ltr'><strong><em>Α.</em></strong></span> <span class='ocrx_word' id='word_1_95' title='bbox 454 1918 478 1968; x_wconf 79' lang='grc'><strong><em>3.</em></strong></span> <span class='ocrx_word' id='word_1_96' title='bbox 513 1915 597 1986; x_wconf 77' lang='grc' dir='ltr'><strong><em>βῶσι</em></strong></span> <span class='ocrx_word' id='word_1_97' title='bbox 623 1908 785 1983; x_wconf 75' lang='grc' dir='ltr'><strong><em>ἀφέντες.</em></strong></span> <span class='ocrx_word' id='word_1_98' title='bbox 813 1909 861 1967; x_wconf 82' lang='grc' dir='ltr'><strong><em>ἀπ’</em></strong></span> <span class='ocrx_word' id='word_1_99' title='bbox 886 1909 999 1976; x_wconf 75' lang='grc' dir='ltr'><strong><em>ἐκείναις</em></strong></span> <span class='ocrx_word' id='word_1_100' title='bbox 1027 1910 1225 1993; x_wconf 66' lang='grc' dir='ltr'><strong><em>ἀπολύσαντες,</em></strong></span> 
     </span>
     <span class='ocr_line' id='line_1_18' title="bbox 333 1999 672 2071; baseline -0.006 -13"><span class='ocrx_word' id='word_1_101' title='bbox 333 2000 400 2060; x_wconf 75' lang='grc' dir='ltr'><strong><em>ὥστε</em></strong></span> <span class='ocrx_word' id='word_1_102' title='bbox 418 1999 546 2071; x_wconf 81' lang='grc' dir='ltr'><strong><em>ἀμέλξαις</em></strong></span> <span class='ocrx_word' id='word_1_103' title='bbox 565 1999 672 2066; x_wconf 86' lang='grc' dir='ltr'><strong><em>αύτάς..</em></strong></span> 
     </span>
    </p>

    <p class='ocr_par' dir='ltr' id='par_1_8' title="bbox 331 2087 1225 2250">
     <span class='ocr_line' id='line_1_19' title="bbox 404 2087 1225 2161; baseline 0.004 -17"><span class='ocrx_word' id='word_1_104' title='bbox 404 2091 464 2145; x_wconf 80' lang='grc'><strong><em>*5.</em></strong></span> <span class='ocrx_word' id='word_1_105' title='bbox 498 2087 803 2159; x_wconf 74' lang='grc' dir='ltr'><strong><em>ἀτιμαγελεύντες.</em></strong></span> <span class='ocrx_word' id='word_1_106' title='bbox 832 2087 984 2159; x_wconf 81' lang='grc' dir='ltr'><strong><em>ἀγελεύντες</em></strong></span> <span class='ocrx_word' id='word_1_107' title='bbox 1009 2088 1069 2146; x_wconf 84' lang='grc' dir='ltr'><strong><em>ἀντί</em></strong></span> <span class='ocrx_word' id='word_1_108' title='bbox 1093 2093 1141 2146; x_wconf 81' lang='grc' dir='ltr'><strong><em>τοῦ</em></strong></span> <span class='ocrx_word' id='word_1_109' title='bbox 1167 2091 1225 2161; x_wconf 88' lang='grc' dir='ltr'><strong><em>ἀγε·</em></strong></span> 
     </span>
     <span class='ocr_line' id='line_1_20' title="bbox 331 2167 1224 2250; baseline -0.006 -14"><span class='ocrx_word' id='word_1_110' title='bbox 331 2181 478 2249; x_wconf 81' lang='grc' dir='ltr'><strong><em>λευόμενσι,</em></strong></span> <span class='ocrx_word' id='word_1_111' title='bbox 491 2175 620 2246; x_wconf 67' lang='grc' dir='ltr'><strong><em>ἀστικοῖς,</em></strong></span> <span class='ocrx_word' id='word_1_112' title='bbox 635 2167 696 2250; x_wconf 76' lang='grc' dir='ltr'><strong><em>ἴυ’ᾗ</em></strong></span> <span class='ocrx_word' id='word_1_113' title='bbox 708 2180 740 2233; x_wconf 86' lang='grc' dir='ltr'><strong><em>τὸ</em></strong></span> <span class='ocrx_word' id='word_1_114' title='bbox 754 2175 923 2248; x_wconf 73' lang='grc' dir='ltr'><strong><em>ἐνεργητικὸν</em></strong></span> <span class='ocrx_word' id='word_1_115' title='bbox 936 2176 995 2236; x_wconf 83' lang='grc' dir='ltr'><strong><em>ἀντλ</em></strong></span> <span class='ocrx_word' id='word_1_116' title='bbox 1006 2182 1176 2249; x_wconf 77' lang='grc' dir='ltr'><strong><em>παθητικοῦ.</em></strong></span> <span class='ocrx_word' id='word_1_117' title='bbox 1196 2185 1224 2234; x_wconf 87' lang='lat' dir='ltr'><strong><em>N.</em></strong></span> 
     </span>
    </p>

    <p class='ocr_par' dir='ltr' id='par_1_9' title="bbox 331 2263 1224 2870">
     <span class='ocr_line' id='line_1_21' title="bbox 403 2263 1224 2335; baseline -0.001 -13"><span class='ocrx_word' id='word_1_118' title='bbox 403 2273 435 2322; x_wconf 83' lang='grc' dir='ltr'><strong><em>Δ.</em></strong></span> <span class='ocrx_word' id='word_1_119' title='bbox 461 2272 486 2322; x_wconf 81' lang='grc' dir='ltr'><strong><em>θ.</em></strong></span> <span class='ocrx_word' id='word_1_120' title='bbox 518 2265 709 2323; x_wconf 78' lang='grc' dir='ltr'><strong><em>τένασται.</em></strong></span> <span class='ocrx_word' id='word_1_121' title='bbox 737 2266 911 2335; x_wconf 75' lang='grc' dir='ltr'><strong><em>σεσώρευται,</em></strong></span> <span class='ocrx_word' id='word_1_122' title='bbox 938 2263 992 2322; x_wconf 81' lang='grc' dir='ltr'><strong><em>ἀπὸ</em></strong></span> <span class='ocrx_word' id='word_1_123' title='bbox 1022 2267 1096 2330; x_wconf 87' lang='grc' dir='ltr'><strong><em>νάιο,</em></strong></span> <span class='ocrx_word' id='word_1_124' title='bbox 1123 2270 1166 2322; x_wconf 61' lang='lat' dir='ltr'><strong><em>v&amp;</em></strong></span> <span class='ocrx_word' id='word_1_125' title='bbox 1194 2274 1224 2321; x_wconf 81' lang='grc' dir='ltr'><strong><em>τύ</em></strong></span> 
     </span>
     <span class='ocr_line' id='line_1_22' title="bbox 332 2353 1224 2428; baseline -0.007 -13"><span class='ocrx_word' id='word_1_126' title='bbox 332 2357 451 2427; x_wconf 85' lang='grc' dir='ltr'><strong><em>σωρεύω.</em></strong></span> <span class='ocrx_word' id='word_1_127' title='bbox 487 2354 566 2418; x_wconf 79' lang='grc' dir='ltr'><strong><em>Τινὲς</em></strong></span> <span class='ocrx_word' id='word_1_128' title='bbox 583 2372 652 2424; x_wconf 90' lang='grc' dir='ltr'><strong><em>φασι</em></strong></span> <span class='ocrx_word' id='word_1_129' title='bbox 669 2357 726 2410; x_wconf 77' lang='grc' dir='ltr'><strong><em>τῶν</em></strong></span> <span class='ocrx_word' id='word_1_130' title='bbox 743 2357 818 2428; x_wconf 77' lang='grc' dir='ltr'><strong><em>βοάν</em></strong></span> <span class='ocrx_word' id='word_1_131' title='bbox 842 2353 929 2412; x_wconf 84' lang='grc' dir='ltr'><strong><em>αύτοῦ</em></strong></span> <span class='ocrx_word' id='word_1_132' title='bbox 952 2359 1224 2426; x_wconf 80' lang='grc' dir='ltr'><strong><em>κατακρημνισθῆναι</em></strong></span> 
     </span>
     <span class='ocr_line' id='line_1_23' title="bbox 331 2439 1224 2517; baseline -0.006 -14"><span class='ocrx_word' id='word_1_133' title='bbox 331 2445 387 2503; x_wconf 84' lang='grc' dir='ltr'><strong><em>ἀπὸ</em></strong></span> <span class='ocrx_word' id='word_1_134' title='bbox 411 2447 460 2516; x_wconf 81' lang='grc' dir='ltr'><strong><em>τῆς</em></strong></span> <span class='ocrx_word' id='word_1_135' title='bbox 483 2445 606 2515; x_wconf 78' lang='grc' dir='ltr'><strong><em>κορυφῆς</em></strong></span> <span class='ocrx_word' id='word_1_136' title='bbox 628 2445 677 2500; x_wconf 82' lang='grc' dir='ltr'><strong><em>σού</em></strong></span> <span class='ocrx_word' id='word_1_137' title='bbox 698 2441 780 2514; x_wconf 81' lang='grc' dir='ltr'><strong><em>ὄρους</em></strong></span> <span class='ocrx_word' id='word_1_138' title='bbox 796 2442 852 2501; x_wconf 84' lang='grc' dir='ltr'><strong><em>ύπδ</em></strong></span> <span class='ocrx_word' id='word_1_139' title='bbox 871 2447 920 2500; x_wconf 84' lang='grc' dir='ltr'><strong><em>τού</em></strong></span> <span class='ocrx_word' id='word_1_140' title='bbox 938 2441 1040 2513; x_wconf 85' lang='grc' dir='ltr'><strong><em>ἀνέμου</em></strong></span> <span class='ocrx_word' id='word_1_141' title='bbox 1058 2445 1158 2517; x_wconf 87' lang='grc' dir='ltr'><strong><em>Λιβός,</em></strong></span> <span class='ocrx_word' id='word_1_142' title='bbox 1186 2439 1224 2498; x_wconf 79' lang='grc' dir='ltr'><strong><em>ἀν</em></strong></span> 
     </span>
     <span class='ocr_line' id='line_1_24' title="bbox 331 2527 1224 2604; baseline -0.002 -14"><span class='ocrx_word' id='word_1_143' title='bbox 331 2536 366 2591; x_wconf 87' lang='grc' dir='ltr'><strong><em>τά</em></strong></span> <span class='ocrx_word' id='word_1_144' title='bbox 385 2533 507 2604; x_wconf 86' lang='grc' dir='ltr'><strong><em>δέρματα</em></strong></span> <span class='ocrx_word' id='word_1_145' title='bbox 525 2527 614 2601; x_wconf 78' lang='grc' dir='ltr'><strong><em>ὥσπερ</em></strong></span> <span class='ocrx_word' id='word_1_146' title='bbox 632 2532 776 2602; x_wconf 83' lang='grc' dir='ltr'><strong><em>στρωμνὴν</em></strong></span> <span class='ocrx_word' id='word_1_147' title='bbox 794 2529 880 2603; x_wconf 72' lang='grc' dir='ltr'><strong><em>εἶχεν·</em></strong></span> <span class='ocrx_word' id='word_1_148' title='bbox 909 2531 1002 2604; x_wconf 72' lang='grc' dir='ltr'><strong><em>ἐπειδὴ</em></strong></span> <span class='ocrx_word' id='word_1_149' title='bbox 1027 2533 1077 2598; x_wconf 82' lang='grc' dir='ltr'><strong><em>τὰς</em></strong></span> <span class='ocrx_word' id='word_1_150' title='bbox 1095 2533 1224 2602; x_wconf 73' lang='grc' dir='ltr'><strong><em>δαμάλεις</em></strong></span> 
     </span>
     <span class='ocr_line' id='line_1_25' title="bbox 332 2619 1223 2694; baseline -0.004 -14"><span class='ocrx_word' id='word_1_151' title='bbox 332 2623 361 2680; x_wconf 76' lang='grc' dir='ltr'><strong><em>έν</em></strong></span> <span class='ocrx_word' id='word_1_152' title='bbox 385 2625 495 2694; x_wconf 79' lang='grc' dir='ltr'><strong><em>γειμάνι</em></strong></span> <span class='ocrx_word' id='word_1_153' title='bbox 522 2619 658 2685; x_wconf 78' lang='grc' dir='ltr'><strong><em>ἀπώλεσε,</em></strong></span> <span class='ocrx_word' id='word_1_154' title='bbox 685 2621 732 2676; x_wconf 86' lang='grc' dir='ltr'><strong><em>διὰ</em></strong></span> <span class='ocrx_word' id='word_1_155' title='bbox 758 2624 837 2678; x_wconf 84' lang='grc' dir='ltr'><strong><em>τούτο</em></strong></span> <span class='ocrx_word' id='word_1_156' title='bbox 865 2625 915 2678; x_wconf 90' lang='grc' dir='ltr'><strong><em>τού</em></strong></span> <span class='ocrx_word' id='word_1_157' title='bbox 941 2622 1042 2692; x_wconf 85' lang='grc' dir='ltr'><strong><em>θέρους</em></strong></span> <span class='ocrx_word' id='word_1_158' title='bbox 1069 2626 1223 2693; x_wconf 75' lang='grc' dir='ltr'><strong><em>φροντίζειν</em></strong></span> 
     </span>
     <span class='ocr_line' id='line_1_26' title="bbox 331 2707 1221 2782; baseline -0.003 -14"><span class='ocrx_word' id='word_1_159' title='bbox 331 2712 412 2782; x_wconf 80' lang='grc' dir='ltr'><strong><em>λέγει,</em></strong></span> <span class='ocrx_word' id='word_1_160' title='bbox 432 2708 469 2775; x_wconf 77' lang='grc' dir='ltr'><strong><em>σύς</em></strong></span> <span class='ocrx_word' id='word_1_161' title='bbox 487 2710 524 2781; x_wconf 86' lang='grc' dir='ltr'><strong><em>μὴ</em></strong></span> <span class='ocrx_word' id='word_1_162' title='bbox 543 2709 740 2778; x_wconf 86' lang='grc' dir='ltr'><strong><em>λυμαινομένου</em></strong></span> <span class='ocrx_word' id='word_1_163' title='bbox 759 2707 853 2774; x_wconf 89' lang='grc' dir='ltr'><strong><em>αύτάς.</em></strong></span> <span class='ocrx_word' id='word_1_164' title='bbox 880 2744 902 2753; x_wconf 98' lang='grc'><strong>-</strong></span> <span class='ocrx_word' id='word_1_165' title='bbox 927 2710 1124 2782; x_wconf 73' lang='grc' dir='ltr'><strong><em>*σεσώρευται</em></strong></span> <span class='ocrx_word' id='word_1_166' title='bbox 1169 2714 1221 2776; x_wconf 80' lang='grc' dir='ltr'><strong><em>κά,</em></strong></span> 
     </span>
     <span class='ocr_line' id='line_1_27' title="bbox 331 2792 1061 2870; baseline -0.005 -13"><span class='ocrx_word' id='word_1_167' title='bbox 331 2802 417 2870; x_wconf 75' lang='grc' dir='ltr'><strong><em>νήσω,</em></strong></span> <span class='ocrx_word' id='word_1_168' title='bbox 435 2798 468 2856; x_wconf 86' lang='grc' dir='ltr'><strong><em>τὸ</em></strong></span> <span class='ocrx_word' id='word_1_169' title='bbox 487 2797 593 2868; x_wconf 86' lang='grc' dir='ltr'><strong><em>συνάγιο</em></strong></span> <span class='ocrx_word' id='word_1_170' title='bbox 612 2792 681 2854; x_wconf 80' lang='grc' dir='ltr'><strong><em>ὅθεν</em></strong></span> <span class='ocrx_word' id='word_1_171' title='bbox 698 2799 746 2854; x_wconf 79' lang='grc' dir='ltr'><strong><em>καὶ</em></strong></span> <span class='ocrx_word' id='word_1_172' title='bbox 764 2799 840 2868; x_wconf 85' lang='grc' dir='ltr'><strong><em>νησίς</em></strong></span> <span class='ocrx_word' id='word_1_173' title='bbox 858 2794 874 2869; x_wconf 82' lang='grc' dir='ltr'><em>ἦ</em></span> <span class='ocrx_word' id='word_1_174' title='bbox 892 2799 1005 2870; x_wconf 84' lang='grc' dir='ltr'><strong><em>γαστήρ.</em></strong></span> <span class='ocrx_word' id='word_1_175' title='bbox 1032 2803 1061 2855; x_wconf 84' lang='lat' dir='ltr'><strong><em>C.</em></strong></span> 
     </span>
    </p>

    <p class='ocr_par' dir='ltr' id='par_1_10' title="bbox 331 2882 1222 3402">
     <span class='ocr_line' id='line_1_28' title="bbox 403 2882 1222 2960; baseline 0 -18"><span class='ocrx_word' id='word_1_176' title='bbox 403 2886 480 2943; x_wconf 73' lang='lat'><strong>⁷⁶21.</strong></span> <span class='ocrx_word' id='word_1_177' title='bbox 515 2883 676 2958; x_wconf 79' lang='grc' dir='ltr'><strong><em>ἢνωδύς.</em></strong></span> <span class='ocrx_word' id='word_1_178' title='bbox 709 2882 793 2956; x_wconf 83' lang='grc' dir='ltr'><strong><em>ἤγουν</em></strong></span> <span class='ocrx_word' id='word_1_179' title='bbox 820 2883 854 2944; x_wconf 86' lang='grc' dir='ltr'><strong><em>σύ</em></strong></span> <span class='ocrx_word' id='word_1_180' title='bbox 880 2889 982 2956; x_wconf 79' lang='grc' dir='ltr'><strong><em>μᾶλλον</em></strong></span> <span class='ocrx_word' id='word_1_181' title='bbox 1008 2885 1060 2957; x_wconf 77' lang='grc' dir='ltr'><strong><em>ἐγὼ</em></strong></span> <span class='ocrx_word' id='word_1_182' title='bbox 1089 2892 1222 2960; x_wconf 79' lang='grc' dir='ltr'><strong><em>φροντίζω</em></strong></span> 
     </span>
     <span class='ocr_line' id='line_1_29' title="bbox 331 2971 1222 3051; baseline -0.001 -19"><span class='ocrx_word' id='word_1_183' title='bbox 331 2978 461 3046; x_wconf 75' lang='grc' dir='ltr'><strong><em>χειμῶνος</em></strong></span> <span class='ocrx_word' id='word_1_184' title='bbox 479 2974 507 3032; x_wconf 81' lang='grc' dir='ltr'><strong><em>ἐν</em></strong></span> <span class='ocrx_word' id='word_1_185' title='bbox 525 2973 652 3051; x_wconf 79' lang='grc' dir='ltr'><strong><em>ἀφθονία</em></strong></span> <span class='ocrx_word' id='word_1_186' title='bbox 671 2976 758 3043; x_wconf 79' lang='grc' dir='ltr'><strong><em>ξύλων</em></strong></span> <span class='ocrx_word' id='word_1_187' title='bbox 778 2971 831 3044; x_wconf 77' lang='grc' dir='ltr'><strong><em>ἀν,</em></strong></span> <span class='ocrx_word' id='word_1_188' title='bbox 860 2971 879 3045; x_wconf 81' lang='grc' dir='ltr'><em>ἢ</em></span> <span class='ocrx_word' id='word_1_189' title='bbox 897 2976 987 3040; x_wconf 83' lang='grc' dir='ltr'><strong><em>νωδὸς</em></strong></span> <span class='ocrx_word' id='word_1_190' title='bbox 1005 2976 1129 3047; x_wconf 88' lang='grc' dir='ltr'><strong><em>καρύων,</em></strong></span> <span class='ocrx_word' id='word_1_191' title='bbox 1157 2975 1222 3046; x_wconf 86' lang='grc' dir='ltr'><strong><em>ἀμύ-</em></strong></span> 
     </span>
     <span class='ocr_line' id='line_1_30' title="bbox 332 3061 1221 3136; baseline -0.002 -14"><span class='ocrx_word' id='word_1_192' title='bbox 332 3071 380 3122; x_wconf 92' lang='grc' dir='ltr'><strong><em>λον</em></strong></span> <span class='ocrx_word' id='word_1_193' title='bbox 399 3063 542 3135; x_wconf 85' lang='grc' dir='ltr'><strong><em>παρόντος.</em></strong></span> <span class='ocrx_word' id='word_1_194' title='bbox 570 3070 601 3122; x_wconf 84' lang='lat' dir='ltr'><strong><em>N·</em></strong></span> <span class='ocrx_word' id='word_1_195' title='bbox 641 3061 746 3134; x_wconf 83' lang='grc' dir='ltr'><strong><em>ἀμύλου</em></strong></span> <span class='ocrx_word' id='word_1_196' title='bbox 765 3062 876 3136; x_wconf 82' lang='grc' dir='ltr'><strong><em>ἀθάρης</em></strong></span> <span class='ocrx_word' id='word_1_197' title='bbox 893 3068 943 3122; x_wconf 85' lang='grc' dir='ltr'><strong><em>τοῦ</em></strong></span> <span class='ocrx_word' id='word_1_198' title='bbox 961 3069 1135 3122; x_wconf 87' lang='grc' dir='ltr'><strong><em>καταστατού</em></strong></span> <span class='ocrx_word' id='word_1_199' title='bbox 1152 3072 1221 3134; x_wconf 78' lang='grc' dir='ltr'><strong><em>λεγο-</em></strong></span> 
     </span>
     <span class='ocr_line' id='line_1_31' title="bbox 331 3149 1220 3226; baseline -0.002 -15"><span class='ocrx_word' id='word_1_200' title='bbox 331 3155 426 3224; x_wconf 86' lang='grc' dir='ltr'><strong><em>μένου,</em></strong></span> <span class='ocrx_word' id='word_1_201' title='bbox 446 3149 479 3210; x_wconf 79' lang='grc' dir='ltr'><strong><em>ὃν</em></strong></span> <span class='ocrx_word' id='word_1_202' title='bbox 497 3153 526 3210; x_wconf 76' lang='grc' dir='ltr'><strong><em>ἐκ</em></strong></span> <span class='ocrx_word' id='word_1_203' title='bbox 544 3156 618 3210; x_wconf 86' lang='grc' dir='ltr'><strong><em>σίτου</em></strong></span> <span class='ocrx_word' id='word_1_204' title='bbox 636 3154 813 3226; x_wconf 74' lang='grc' dir='ltr'><strong><em>βεβρεγμένοι</em></strong></span> <span class='ocrx_word' id='word_1_205' title='bbox 832 3155 1065 3222; x_wconf 76' lang='grc' dir='ltr'><strong><em>κατασκευάζουσι.</em></strong></span> <span class='ocrx_word' id='word_1_206' title='bbox 1086 3162 1124 3214; x_wconf 78' lang='grc' dir='ltr'><strong><em>Μ.</em></strong></span> <span class='ocrx_word' id='word_1_207' title='bbox 1155 3161 1220 3210; x_wconf 91' lang='grc' dir='ltr'><strong><em>πλα-</em></strong></span> 
     </span>
     <span class='ocr_line' id='line_1_32' title="bbox 331 3239 1219 3316; baseline 0 -19"><span class='ocrx_word' id='word_1_208' title='bbox 331 3246 443 3306; x_wconf 83' lang='grc' dir='ltr'><strong><em>κοῦντος</em></strong></span> <span class='ocrx_word' id='word_1_209' title='bbox 462 3239 570 3312; x_wconf 77' lang='grc' dir='ltr'><strong><em>ἁπαλῆς</em></strong></span> <span class='ocrx_word' id='word_1_210' title='bbox 587 3245 691 3312; x_wconf 76' lang='grc' dir='ltr'><strong><em>τροφῆς</em></strong></span> <span class='ocrx_word' id='word_1_211' title='bbox 709 3239 794 3313; x_wconf 81' lang='grc' dir='ltr'><strong><em>ἤγουν</em></strong></span> <span class='ocrx_word' id='word_1_212' title='bbox 812 3243 977 3314; x_wconf 85' lang='grc' dir='ltr'><strong><em>κουρκούιης</em></strong></span> <span class='ocrx_word' id='word_1_213' title='bbox 989 3239 1006 3314; x_wconf 80' lang='grc' dir='ltr'><em>ἢ</em></span> <span class='ocrx_word' id='word_1_214' title='bbox 1019 3246 1067 3300; x_wconf 88' lang='grc' dir='ltr'><strong><em>τού</em></strong></span> <span class='ocrx_word' id='word_1_215' title='bbox 1080 3243 1219 3316; x_wconf 78' lang='grc' dir='ltr'><strong><em>λεγομένου</em></strong></span> 
     </span>
     <span class='ocr_line' id='line_1_33' title="bbox 332 3330 967 3402; baseline 0.003 -16"><span class='ocrx_word' id='word_1_216' title='bbox 332 3330 508 3402; x_wconf 85' lang='grc' dir='ltr'><strong><em>ἀποθέρμσν,</em></strong></span> <span class='ocrx_word' id='word_1_217' title='bbox 528 3333 609 3400; x_wconf 79' lang='grc' dir='ltr'><strong><em>χωρὶς</em></strong></span> <span class='ocrx_word' id='word_1_218' title='bbox 626 3331 713 3398; x_wconf 88' lang='grc' dir='ltr'><strong><em>μύλου</em></strong></span> <span class='ocrx_word' id='word_1_219' title='bbox 731 3330 784 3400; x_wconf 78' lang='grc' dir='ltr'><strong><em>γὰρ</em></strong></span> <span class='ocrx_word' id='word_1_220' title='bbox 803 3334 912 3401; x_wconf 83' lang='grc' dir='ltr'><strong><em>γίνεται.</em></strong></span> <span class='ocrx_word' id='word_1_221' title='bbox 936 3339 967 3388; x_wconf 90' lang='lat' dir='ltr'><strong><em>L.</em></strong></span> 
     </span>
    </p>
   </div>
   <div class='ocr_carea' id='block_1_6' title="bbox 0 0 1282 3824">
    <p class='ocr_par' dir='ltr' id='par_1_11' title="bbox 0 0 1282 3824">
     <span class='ocr_line' id='line_1_34' title="bbox 0 0 1282 3824; baseline 0 0"><span class='ocrx_word' id='word_1_222' title='bbox 0 0 1282 3824; x_wconf 95' lang='lat' dir='ltr'><strong><em> </em></strong></span> 
     </span>
    </p>
   </div>
  </div>
 </body>
</html>
