2556 3824
483 779 516 840 L.
541 777 571 840 S.

158 987 333 1044 scholiorum
352 984 585 1042 Theocriteomrn
603 981 659 1041 Ms.
680 981 778 1038 Codex
798 981 975 1038 Genovensis

19 1141 22 1148 k
89 1077 256 1148 jamdudum
278 1075 450 1140 innotuerat,
477 1087 563 1143 quum
582 1071 836 1136 Wuestemaunus,
864 1069 900 1123 V.
924 1068 976 1136 et,

86 1163 172 1232 huuc,
192 1165 220 1220 in
234 1163 372 1220 Editionis
391 1177 476 1233 quarn
494 1161 612 1232 parabat
631 1174 726 1226 usum,
747 1160 820 1230 apud
839 1174 892 1214 uos
911 1173 977 1214 eon·

84 1254 149 1310 terri
174 1252 260 1324 jussit
286 1251 336 1319 (ei.
361 1249 453 1306 Praei.
477 1264 504 1318 p.
522 1247 578 1303 XV
603 1251 631 1302 et
655 1246 751 1314 XVI).
791 1245 974 1302 Casaubonus

84 1342 159 1398 euim
178 1353 283 1410 paucas
303 1339 487 1406 excerpserat
513 1349 549 1390 ex
570 1334 632 1404 ipso
658 1333 761 1391 Codice
784 1333 977 1404 pertractant),

84 1433 114 1483 et
135 1425 325 1481 Valckenario
342 1421 567 1493 Ruhnkenioque
590 1421 641 1478 Vir
655 1421 775 1490 Doctus,
789 1421 885 1478 nescio
903 1422 975 1493 quis,

85 1515 204 1570 duorum
215 1510 430 1582 haudquaquam
443 1511 666 1581 spernendorum
678 1509 848 1566 scholiorum
864 1510 974 1581 coptam

84 1601 190 1658 iecerat
214 1598 592 1668 (ottu.vllatxvi1)⁹).
630 1598 738 1655 Placuit
761 1598 862 1668 igitur,
887 1613 973 1669 quum

81 1689 149 1746 idsti
163 1689 274 1746 Codicis
292 1703 360 1744 usus
379 1686 446 1744 mihi
462 1686 556 1753 tieret,
574 1687 679 1743 inedita
693 1686 871 1754 exscribere,
889 1691 974 1757 atque

82 1783 112 1834 ut
137 1778 210 1834 tiber
232 1776 396 1846 Kiesslingii
421 1774 630 1847 Gaisiordiiqne
654 1775 741 1832 Editt.
761 1775 974 1845 integerrimum

81 1867 309 1938 supptementum
328 1865 414 1933 toret,
436 1862 651 1922 Gonevensihus
669 1863 796 1920 Parisino
814 1865 972 1935 adjungere

81 1954 204 2019 scholia,
225 1967 298 2023 quae
317 1951 424 2008 Gaitius
442 1952 583 2008 nonnuliis
602 1966 619 2006 o
636 1949 735 2007 Msstis
754 1951 862 2021 primus
877 1955 973 2022 protu-

81 2040 122 2095 tit.
154 2039 248 2111 Hujus
275 2039 349 2095 enirn
375 2039 469 2096 Editio
492 2038 667 2108 Theocritio)
694 2038 731 2094 ob
753 2040 889 2106 immane,
916 2055 972 2110 quo

81 2129 188 2184 venatis
206 2129 268 2196 tuit,
289 2130 425 2199 pretium,
443 2132 472 2183 et
485 2128 601 2183 torsitau
620 2126 656 2182 ob
670 2126 794 2183 Editoris
821 2126 895 2183 haud
909 2143 973 2198 pro·

78 2215 256 2272 iratissimum
272 2215 402 2273 omuibus
425 2229 542 2283 nornen,
564 2229 716 2286 paucorum
738 2219 845 2270 tanturn
867 2216 895 2272 in
914 2231 973 2270 ma-

78 2319 133 2359 nus
152 2305 237 2359 venit.
274 2304 326 2364 At.
346 2303 411 2358 iicet
426 2302 509 2358 nimis
527 2304 650 2373 amptum
671 2301 835 2360 Gtossamm
857 2304 973 2373 farragi-

78 2405 145 2448 nem
168 2392 387 2462 complectatur,
409 2389 521 2460 ignota,
550 2391 595 2446 ret
614 2389 817 2448 Gaistordiauis
844 2392 971 2458 metiore,

79 2479 200 2547 profert,
222 2494 295 2550 quae
315 2494 378 2534 eum
395 2478 499 2534 nostris
519 2479 679 2534 recudenda
698 2479 865 2536 curavimus.
889 2478 971 2548 Quae

78 2564 147 2622 mini
166 2569 302 2622 mendosa
319 2567 402 2622 nimis
416 2567 598 2633 videbantur,
617 2569 741 2634 correxi,
761 2571 873 2624 castora
887 2569 971 2623 reliu-

79 2668 167 2722 quere
187 2655 291 2711 intacta
310 2654 414 2710 malui:
436 2669 501 2710 narn
517 2655 544 2710 iu
561 2655 657 2711 tatium
671 2654 815 2712 hominum
828 2670 970 2723 sermone,

81 2740 148 2808 quid
177 2743 213 2798 sit
239 2743 375 2814 probum,
413 2757 466 2798 uec
497 2756 548 2809 ne,
586 2743 752 2834 dijudicare⁸
774 2743 967 2800 difficillimum

86 2885 348 2898 Ἣ...

133 2967 154 3034 ¹)
176 2970 216 3021 tt.
236 2972 309 3024 Leot.
329 2975 443 3026 Theocr.
461 2978 572 3040 paratur,
593 2976 697 3027 Comm.
711 2977 738 3028 in
752 2977 809 3030 Lib.
825 2979 845 3028 1.
872 2978 967 3042 Polyb.

77 3045 318 3174 pag{igt'saeterum
339 3117 434 3166 Titum.
449 3117 597 3168 wartonus
613 3117 695 3181 (apud
710 3117 795 3169 Gaias.
810 3119 885 3170 root.
900 3119 966 3171 Min.

78 3185 188 3303 vem
200 3185 255 3305 riti.
275 3199 300 3234 n.
318 3199 352 3235 m.
381 3187 427 3238 Ed.
446 3189 525 3288 182³)
552 3190 585 3239 de
604 3189 648 3238 his
663 3188 720 3252 jam
739 3189 845 3252 pridem
864 3197 965 3254 egerat.

77 3267 112 3316 qn
129 3268 156 3303 m
183 3267 218 3304 c.

130 3321 152 3386 ³)
173 3326 295 3378 Lutetiae
314 3328 429 3392 prodiit.
449 3341 472 3379 a.
490 3341 675 3381 uncccrrvrn.
695 3330 779 3380 ‘droi-
798 3327 836 3389 80,
855 3337 965 3380 tectum-

77 3407 130 3457 que
148 3395 301 3454 Theocriti,
322 3400 457 3451 variantes
478 3402 550 3450 Lect.
568 3401 724 3464 scholisque
742 3401 795 3452 dat.
