2556 3824
905 285 939 336 ³5

123 441 154 489 Α.
176 435 219 486 λό.
246 430 313 484 τοῖν
330 426 532 481 παίδων....
551 419 569 478 ά
589 421 756 496 Πολυβύτα·
775 421 891 479 δύναται
910 420 939 478 δὲ

46 524 95 577 καλ
114 517 198 585 αύτδς
216 516 301 587 λε’γειν
324 509 389 570 ὅλον
410 515 461 569 τόν
483 514 573 582 οτίγον
596 508 631 566 ίν’
647 501 684 584 η’
711 513 739 567 τί
763 507 819 580 ύροι
844 529 938 569 οε....

46 611 125 683 βόας.
165 609 200 664 Οί
227 605 256 662 δὲ
280 605 389 675 ζητοῦσι
411 603 443 658 τό
465 601 628 674 Πολνβοίτοο
646 601 761 669 πότερον
778 595 940 671 θνγάτηρῆ

48 697 218 768 θεράπαινα.
233 696 287 751 Καί
303 692 447 763 Πηνελόπη
466 689 496 746 δὲ
515 688 672 762 πολοβοίτην
690 690 940 759 προςαγορεύεοδαι

48 793 102 858 τὴν
120 788 261 843 πλουσίαν.

123 881 152 930 Β.
174 878 215 928 λδ.
241 870 377 933 Μάντις
403 887 473 923 τοι·
502 867 616 923 σκάπτει
640 867 708 937 [τὴν]
732 865 870 938 ἐρωμένην
888 869 939 924 τού

53 965 177 1020 Βάττον·
196 959 257 1017 άντλ
274 961 325 1015 τού
343 959 427 1014 εἰπεῖν
445 945 496 1014 οόν
515 956 590 1027 ίογνή
609 977 649 1022 τις
666 956 713 1011 καλ
729 956 810 1012 λκαλ
823 977 851 1025 μ.
865 974 938 1026 σνγκ.
1025 976 1027 982 ’

52 1071 97 1108 σοι
114 1051 182 1106 κατά
199 1050 248 1120 τὴν
265 1047 369 1104 νύκτα·
388 1042 516 1116 η’μάντις
528 1044 612 1115 φησίν
625 1040 641 1114 ἡ
653 1050 806 1114 καλαμοιῖα.
825 1051 938 1108 [καλα-

55 1141 155 1210 μαίοι]
179 1134 258 1208 ἤγουν
277 1134 355 1207 άκρίς
373 1134 527 1205 παρεικάζει
550 1137 601 1204 τὴν
624 1123 661 1190 οιύ
684 1131 820 1203 ἐρωμένην
843 1135 938 1192 διὰτὸ

54 1227 152 1298 λεπτὴν
168 1223 237 1283 είναι
254 1226 300 1282 καί
318 1223 449 1294 μέλαιναν
467 1221 656 1295 άφρόντιοτος.

123 1321 155 1371 λ.
175 1322 208 1372 19
210 1353 288 1370 .....
300 1317 350 1384 τὴν
369 1313 477 1370 ἔνδειαν
494 1311 589 1384 ἡμῶν·
612 1311 721 1382 Τοφλός
740 1310 769 1367 δὲ
787 1310 837 1368 ούκ
856 1309 941 1376 αύτός

49 1403 65 1461 ό
85 1406 233 1475 Δήμητρος
250 1404 295 1458 καί
313 1400 434 1467 Ἰάσονος
452 1402 526 1476 οίός.
547 1397 600 1458 ύπδ
621 1402 702 1465 Διός.
715 1439 721 1456 .
733 1441 757 1455 ..

121 1493 201 1548 *λδ
235 1488 473 1561 οόφρόντιοτος
497 1485 618 1561 Ἔρως.
650 1487 813 1555 δάοκόπως
830 1490 937 1547 ἐπιπίπ-

46 1603 108 1662 των,
121 1587 179 1646 τοῖς
197 1577 364 1651 άνδράποις.
392 1587 430 1638 Μ.
749 1566 757 1590 ³
810 1573 813 1584 ’

121 1668 140 1704 ⁹
159 1673 202 1724 λδ.
234 1672 412 1739 Πιερίδες.
440 1667 588 1738 Ἐτιμύντο
611 1669 664 1739 γάρ
687 1667 717 1724 ἐν
739 1672 773 1741 τῇ
792 1672 890 1743 Πιερίᾳ
909 1671 937 1724 αί

50 1763 182 1816 Μοῦσαι·
202 1755 306 1815 αύτόδι
324 1757 355 1815 δὲ
372 1759 418 1814 καί
435 1761 612 1828 γεγεννῆσθαι
631 1754 718 1822 ούτόις
736 1756 833 1827 ἔλεγον.
852 1763 884 1814 Ν.
904 1787 938 1797 -

50 1855 77 1902 B.
97 1847 161 1904 τόιν
178 1847 329 1918 δαδινάν
347 1865 415 1915 μοι.
438 1846 661 1918 Τηντροφεράν.
682 1848 733 1917 τὴν
744 1846 855 1917 λεπτήν·
870 1841 940 1916 αύτη

47 1939 100 2008 γάρ
119 1957 167 2005 μοι
186 1935 259 1992 ἔσται
278 1933 392 2007 άφορμὴ
411 1938 461 2006 τῆς
479 1932 561 2009 ρίδῆς.
602 1971 608 1988 .

120 2027 138 2063 *
157 2031 199 2080 25.
225 2019 376 2096 άψηοδε.
395 2022 480 2094 ἤγουν
498 2018 568 2093 άπερ
587 2017 622 2080 άν
640 2027 837 2094 μεταγειρίοητε
854 2023 939 2096 δᾴδια

49 2117 93 2170 καλ
115 2111 214 2185 εύπετῆ
233 2114 268 2170 τό
285 2114 376 2170 πάντα
393 2115 569 2185 περαίνεοδε,
588 2119 697 2169 ποιεῖτε.
729 2120 760 2172 Ν.

122 2209 153 2257 Β.
175 2209 217 2259 2⁷.
248 2200 323 2264 Ἐπεί
350 2204 376 2260 οί
397 2203 483 2272 Σύροι
510 2199 565 2259 ύπό
591 2200 669 2272 ήλίον
695 2204 826 2272 διηνεκῶς
844 2203 939 2272 φλεγό·

48 2313 139 2361 μενοι,
168 2290 328 2361 κεκανμὲνοι
348 2292 395 2348 είοί
413 2294 444 2348 τό
465 2292 552 2360 δέρμα
570 2293 614 2348 καί
633 2289 757 2360 με’λανες,
785 2292 834 2346 διὰ
857 2295 937 2350 τούτο

49 2383 92 2437 καλ
110 2380 218 2449 ταύτην
228 2380 324 2448 Σύραν
342 2381 387 2436 καί
404 2375 583 2450 ἠίιύκοιοοτον
602 2377 728 2449 ὀνομάζει
747 2377 784 2444 οἱς
801 2380 939 2450 με’λοιιναν.

120 2474 152 2524 Β.
173 2473 215 2524 28.
246 2465 435 2533 ύάκινθος.
463 2470 530 2534 Αίας
554 2468 641 2540 ἐμάνη
665 2467 695 2524 ἐν
723 2471 810 2544 Τροίᾳ
832 2472 879 2526 καλ
901 2473 939 2541 τῷ

48 2561 123 2630 ξίφει
141 2558 293 2626 περιπεοολν
306 2554 448 2632 άνηρόθη·
467 2558 529 2614 τότε
547 2561 627 2614 τούτο
645 2558 676 2616 τό
696 2561 785 2629 φατόν
803 2555 936 2630 άνεδύδη,

7 2685 8 2688 =
49 2649 150 2717 φασίν,
170 2644 226 2703 άπό
238 2649 287 2702 τού
299 2648 415 2716 αἵματος
426 2645 512 2703 αύτού
524 2645 736 2718 ἐγγεγραμμένον
752 2645 814 2718 ἔρον
832 2649 873 2702 αί
888 2650 935 2716 αλ,

7 2755 8 2782 ι
47 2739 99 2806 τὴν
119 2732 207 2805 άργὴν
224 2757 247 2790 τ.
262 2733 301 2792 όν.
316 2745 347 2792 Α.
367 2771 390 2782 -
408 2735 488 2806 *ἔχει
505 2740 559 2805 γάρ
578 2735 681 2802 ἐντοῖς
699 2736 810 2808 φύλλοις
826 2757 938 2807 γεγραμ-

47 2825 133 2893 μένον
156 2825 197 2878 αἴ
216 2826 269 2880 αλ·
297 2819 332 2896 ἣν
348 2827 517 2896 μυθεύονται
541 2825 570 2881 ἐν
594 2829 632 2900 τῷ
654 2829 705 2883 τού
723 2826 837 2890 Αἴαντος
858 2827 938 2902 τάφῳ

8 2937 9 2942 ’
48 2911 244 2983 άναδοθῆναι,
275 2915 325 2983 τὴν
352 2912 456 2971 ἐκείνου
481 2916 590 2985 σφαγὴν
617 2917 664 2970 διδ
690 2918 745 2970 τοίν
771 2916 938 2986 γραμμάτων

8 3031 9 3046 ι
47 3004 216 3072 δρηνούοαν.
236 3007 275 3058 Μ.
295 3037 319 3048 -
335 3002 352 3042 ³¹¹
366 3005 492 3074 γραπτὴν
510 3003 613 3074 λέγοντι
631 3006 682 3060 τόν
699 3001 848 3067 ύάκινδον,
868 3005 939 3063 διότι

48 3089 77 3144 ἐν
96 3092 135 3162 τῴ
153 3091 239 3163 καιρῷ
257 3086 325 3145 καθ’
342 3085 376 3147 όν
394 3090 534 3163 ίφονεύδη
553 3089 568 3149 ό
586 3094 669 3158 Δίας,
693 3089 817 3164 άνεδόδη
835 3093 937 3166 βοτάνη

47 3182 92 3234 καλ
113 3173 165 3248 εἶχε
182 3178 306 3248 γραπτὸν
324 3179 355 3238 τό
375 3182 414 3237 αἴ
428 3183 470 3236 αί.
496 3188 525 3238 Ι..

9 3291 10 3304 ¹
122 3273 153 3323 Α.
169 3273 211 3323 λλ.
229 3267 270 3324 τά
288 3271 417 3338 πρῶτα.
437 3265 512 3339 ὅμως
528 3272 649 3342 λε’γοοοιν
667 3271 726 3330 οίον
744 3277 938 3344 καταλογούοιν

49 3355 105 3413 άπὸ
123 3361 281 3428 μεταφοράς
299 3361 353 3414 τῶν
372 3355 400 3415 ἐν
418 3365 473 3424 τοῖς
490 3357 651 3431 όποκριταῖς
667 3364 818 3433 προλόγων.
