2556 3824
907 271 941 324 ³8

129 413 145 451 *
164 416 207 468 24.
236 409 407 482 αύτοφυά.
433 409 462 468 ίκ
481 411 589 482 φύσεως
606 402 691 468 ούσαν
707 411 813 486 ῥάβδον
830 413 876 470 καί
895 411 943 470 ούκ

55 502 83 560 ἐκ
101 502 197 573 τέχνης
213 500 296 566 τινός.
321 506 357 557 Μ.

127 595 156 645 Β.
176 595 220 644 2¹1.
246 587 498 660 ἐκαναχήσατο-
526 587 631 660 ἐγέλασε
648 591 741 660 χαρίεν
765 587 808 646 iai
832 593 870 665 τῶ
894 593 943 647 τού

54 681 153 750 κύκλου
166 676 304 750 ὀστράκῳ·
323 681 422 734 κλείων
434 678 524 743 δύαις,
536 681 618 750 φησί,
636 681 687 749 τῆς
698 681 828 749 μουσικῆς
838 679 885 736 καί
896 681 944 749 τῆς

56 768 147 844 ιβδῆς·
171 761 233 824 ούτε
251 763 268 824 ύ
285 761 371 832 ύιινος
387 764 454 840 ἡμῖν
469 767 641 838 γλυκύτερος,
665 765 728 824 ούτε
744 768 777 825 τὸ
795 766 857 838 ἔαρ,
879 762 944 825 ὅσον

57 853 178 928 μουσική.

127 950 158 1002 Α.
178 951 222 1001 ³0.
261 941 374 1015 μηκέτ’
401 942 455 1000 &aa
483 945 648 1015 γλῶσσας.
679 939 764 1015 ἥγοαν
789 945 827 1016 μὴ
854 949 943 1016 σιωπῇ

60 1035 163 1108 κρύψης
180 1035 232 1104 τὴν
251 1030 341 1108 φ’δήν·
365 1031 434 1102 αρδς
451 1031 554 1090 ἑαυτὸν
570 1032 638 1104 λέγει
656 1036 745 1090 τοῦτο.
766 1037 826 1104 [τού
841 1040 943 1105 Τρικλι·

64 1125 126 1178 νίου.
142 1128 189 1188 Μ.]
211 1118 249 1186 ῶς
266 1117 322 1178 άπὸ
340 1125 390 1178 τοῦ
408 1119 511 1191 νομέως
529 1117 545 1179 δ
563 1122 642 1193 λόγος
658 1125 729 1193 πρὸς
745 1125 796 1188 τὰς
814 1125 942 1192 Μούσας,

65 1205 149 1280 ἢάιτδ
167 1213 217 1270 τού
234 1213 366 1280 ποιητοῦ·
392 1200 415 1266 ῶ
439 1213 567 1276 Μοῦσαι,
594 1215 625 1268 τὸ
640 1209 722 1280 μύλος
740 1215 789 1281 τῆς
806 1208 880 1284 ιβδῆς
897 1215 946 1282 τῆς

62 1298 122 1368 παρ’
139 1296 205 1370 ἡμῖν
229 1297 379 1370 ίκφήνατε,
407 1299 445 1369 μὴ
464 1297 493 1355 δὲ
511 1297 556 1354 ἐπί
575 1301 624 1369 τῆς
641 1298 758 1370 γλῶττης
776 1299 946 1369 φλύκταιναν

58 1389 160 1461 φύσης,
179 1377 331 1445 ῶΜούσα·
349 1390 420 1459 αρδς
433 1387 522 1452 κύσας
541 1385 571 1444 δδ
589 1388 638 1444 τδν
655 1387 736 1459 λύγον
753 1389 945 1459 ποιησάμενος,

56 1481 107 1535 νῦν
126 1476 153 1542 de
170 1479 238 1547 μίαν
255 1474 416 1534 άνέκτεινεν.
444 1506 479 1518 -
505 1476 521 1515 *
539 1477 675 1547 γράφεται
692 1479 739 1534 καί
755 1471 843 1535 οὕτω·
863 1482 945 1549 φαί-

56 1585 132 1624 νετε
150 1563 179 1622 δ’
190 1563 279 1631 ῶδάς
301 1564 369 1629 Τάς
386 1563 465 1622 ποκ’.
478 1568 604 1637 φαίνετε,
624 1575 783 1638 περιφανεῖς
795 1573 904 1624 ποιεῖτε.
922 1573 946 1622 J.

57 1654 194 1728 γράφεται
211 1655 269 1719 καί,
289 1651 367 1724 ἐμίν
386 1653 422 1710 δέ
440 1673 474 1711 τε
492 1658 591 1723 μῶσα
609 1657 664 1712 καί
682 1654 759 1730 ῶδά.
791 1663 815 1712 J.

129 1742 207 1799 ³²35.
230 1743 365 1814 γράφεται
382 1743 441 1813 καί,
469 1738 512 1810 ῶς
537 1742 596 1812 μὲν
622 1741 744 1814 ὁρῆτεΙΙ
763 1747 894 1814 δωρικῶς.
923 1754 945 1801 λ.

131 1837 163 1889 Α.
188 1838 229 1890 ³6.
270 1834 342 1897 Τῶς
370 1831 401 1888 δ’
423 1828 512 1889 ούτι.
546 1837 605 1903 Τὴν
630 1835 690 1903 περί
718 1837 767 1892 τοῦ
792 1832 947 1900 Ὀδυσσέως

56 1923 179 1992 ίοτορίαν
203 1923 365 1994 αἰνίττεται·
393 1921 441 1979 τὸν
464 1919 514 1989 μὲν
536 1923 587 1992 γάρ
613 1920 744 1980 Ὀδυσσέα
768 1926 856 1994 σοφὸν
880 1921 947 1981 ὄντα

55 2012 105 2068 καί
125 2016 185 2076 ταῖς
203 2011 332 2075 Μούσαις
349 2010 513 2081 φιλούμενον
536 2008 584 2066 ούκ
609 2007 757 2081 ίδηλήσατο
780 2015 818 2086 τῷ
836 2015 910 2086 ποτῷ
930 2010 947 2082 ἡ

56 2093 164 2169 Κίρκη·
186 2100 251 2165 τούς
272 2099 365 2169 μέντοι
391 2096 464 2173 αύτῷ
486 2098 619 2164 συνόντας
641 2096 770 2170 ἠδυνήθη
788 2104 947 2174 μεταβαλεῖν

56 2192 97 2254 είς
118 2191 239 2260 γσίρονς,
268 2186 376 2266 άφελεῖς
402 2185 519 2260 εύρούσα
543 2189 588 2244 καί
613 2190 735 2244 Μουσῶν
756 2190 788 2246 τὸ
813 2192 946 2260 παράπαν

57 2277 257 2348 ἐστερημένους.
276 2311 299 2322 -
323 2275 341 2312 ⁸
361 2272 419 2344 Ούς
436 2275 466 2332 ab
482 2277 613 2347 οὐδαμῶς
631 2274 729 2346 δρῶσι,
759 2278 885 2348 δηλονότι
903 2281 947 2336 καί

59 2365 280 2436 ἐπισκέκτονται,
300 2367 328 2422 αδ
342 2368 469 2435 Μούσαι,
489 2366 603 2431 τούτους
614 2365 763 2437 ἐδηλήσατο
776 2365 820 2421 καί
833 2365 949 2438 ἔβλαψεν

60 2453 180 2525 ήΚίρκη
197 2457 288 2529 τιοτῶ,
306 2454 426 2512 τουτέστι
446 2457 493 2512 διδι
511 2457 561 2512 τοῦ
579 2458 712 2520 κυκεῶνος
730 2457 780 2510 τοῦ
799 2455 947 2524 φαρμακῶ-

60 2548 142 2608 δσυς·
169 2541 301 2616 άναφίρει
319 2543 349 2602 δί
368 2544 417 2602 τδν
434 2545 515 2616 λόγον
532 2545 601 2615 πρὸς
619 2541 766 2601 Ὀδυσσέα·
791 2535 871 2607 οὖτος
897 2547 949 2613 γάρ

59 2630 154 2702 Ἑρμεῖ
169 2636 207 2708 τῷ
225 2631 319 2708 ἐφάρῳ
337 2636 386 2690 τοῦ
404 2635 486 2704 λύγον
505 2635 584 2704 φίλος
601 2633 745 2703 γενόμενος
762 2634 807 2688 καί
824 2633 857 2688 τὸ
874 2635 949 2699 μῶλυ

59 2719 126 2790 παρ’
150 2719 256 2780 ἐκείνου
279 2722 386 2796 λαβῶν,
416 2719 552 2793 άνῶτερος
573 2723 629 2778 τῶν
651 2724 823 2792 μαγγανειῶν
847 2724 950 2791 Κίρκης

58 2809 172 2880 ἐγένετο,
192 2814 257 2876 τούς
270 2810 294 2867 δ’
306 2809 430 2882 ἑταίρους
443 2807 537 2874 αύτοῦ,
555 2803 679 2881 άσδφονς
691 2807 787 2875 ὄντας,
800 2809 827 2879 ἐξ
841 2808 950 2880 άνθρῶ-

58 2919 121 2956 τταιν
148 2901 186 2965 είς
212 2899 292 2968 ζῶσαν,
316 2900 400 2971 φύσιν
425 2898 532 2970 άλάγον
557 2896 575 2971 ἡ
603 2903 691 2970 Κίρκη
717 2901 886 2972 μετήμειψεν.
905 2887 949 2955 ΙΚ.

60 2995 87 3044 Κ
94 2992 188 3058 ίρκα.
201 2985 233 3058 ἡ
251 2990 354 3061 Κίρκη·
383 2984 452 3059 αὕτη
475 2991 687 3060 φαρμακοποιδς
706 2979 740 3060 ἦν
757 2989 840 3060 γυνή,
868 2983 888 3059 ἢ
905 2990 949 3046 καί

58 3079 125 3141 τοὺς
143 3075 204 3134 Ὀδ.
225 3076 261 3134 ίτ.
281 3079 318 3143 είς
334 3081 443 3149 χοίρους
460 3077 610 3151 μετέβαλεν.
641 3083 678 3136 Μ.

419 3262 592 3270 ψη-
