2556 3824
354 481 617 546 κιΛνΛΛεοΝ
634 475 679 563 γ’.
777 457 780 466 ’

143 696 195 746 Tit.
220 696 252 744 Α.
290 691 404 758 Κοῖομος
423 691 521 759 δωρίδι
545 723 569 736 -
600 693 696 745 Cetera
716 699 746 746 ιιι
763 693 824 757 apd.
844 694 909 746 ean.
932 723 956 736 -

69 780 297 850 *Δημητρίου
316 781 378 836 τού
395 779 608 848 Τρικλινίου.
629 810 654 823 -
669 777 726 832 Καί
736 777 766 832 τδ
776 777 867 846 ντοιρδν
879 776 962 834 τίδύλ-

69 875 130 926 λιον
151 867 286 936 σύγκειται
316 865 345 922 ἐκ
366 868 463 936 στίχοιν
488 867 656 920 δακτυλικῶν
685 863 833 936 τριμέτρων
862 863 965 923 υίκατα-

69 956 176 1026 λὴκτεον
195 955 246 1018 νδ’,
266 945 305 1010 ιδν
322 959 483 1017 τελευταῖος·
514 949 580 1017 »ὥς
595 951 706 1020 μέλω(

143 1049 174 1098 Β.
193 1043 232 1098 5.’
256 1041 439 1099 Κνύκωνα·
462 1042 558 1098 λενκδν
577 1034 684 1111 ἥκυρον
702 1037 758 1098 διεδ
779 1043 829 1098 τού
846 1041 963 1112 κνήκουο

73 1134 123 1188 τού
142 1129 303 1201 σπέρματος.

143 1225 172 1275 δ.
193 1227 236 1276 10.
263 1216 326 1290 ἡνί
343 1216 404 1275 α’ντί
422 1221 473 1274 τού
488 1219 562 1274 ίδού·
590 1217 637 1273 καί
652 1217 798 1274 δασύνεται
813 1217 845 1273 τὸ
862 1215 880 1288 ἦ
895 1219 964 1288 μετὰ

71 1311 121 1365 τού
139 1304 271 1375 ὄξντύνου
289 1308 335 1362 καί
352 1304 417 1375 παρ’
440 1303 564 1370 Ἀττικοῖς
581 1308 660 1362 τούτο
677 1305 886 1376 προφερόμεθα

144 1398 157 1428 ⁴
177 1399 220 1449 13.
249 1390 388 1463 ἄντρον,
408 1394 445 1458 είς
462 1394 494 1450 τδ
513 1395 562 1450 σύν
578 1393 713 1465 σπήλαιον
732 1396 881 1464 δυνηθείην
898 1391 963 1466 ιίφι-

72 1481 173 1538 κέσθαι
188 1482 236 1537 καί
253 1479 348 1538 ίλθεῖν.
377 1487 415 1540 Μ.

146 1573 221 1626 *17.
249 1567 282 1635 ές
301 1567 430 1628 δοτέον.
469 1563 499 1635 ὅς
521 1588 554 1638 με
576 1566 965 1641 βλάπτειδέροςναίμέτρι

69 1661 122 1714 τού
139 1656 222 1715 ύντού
243 1658 439 1728 καταφλέγων.
456 1664 486 1713 Ρ.
515 1691 540 1704 -
562 1657 695 1726 ίοίττει,
713 1656 835 1734 ἐμβάλλει
853 1657 964 1728 ἑαυτόν,

71 1744 128 1804 dud
148 1749 198 1804 τού
217 1748 296 1818 ίημι
312 1746 343 1803 τδ
364 1746 526 1816 πορεύομαι.
553 1750 590 1802 Μ.

144 1838 157 1868 *
176 1842 219 1892 20.
240 1835 380 1905 τέρψις,
398 1832 515 1906 ἡδονήν.
536 1831 707 1906 εύφροσύνην
724 1832 836 1903 ἔχουσα·
861 1833 963 1892 ευετέλ·

72 1929 147 1978 λεται
165 1924 213 1979 διὰ
232 1923 263 1978 τὸ
281 1921 379 1992 μέτρον
398 1925 428 1978 τὸ
449 1929 479 1978 ῑ.
505 1928 543 1980 Μ.

146 2013 221 2066 ⁴¹21.
257 2007 333 2066 κατ’
351 2008 499 2068 αύτίκα.
536 2009 655 2068 σύναπτε
681 2010 733 2080 τὴν
756 2013 842 2066 κατὰ
868 2013 907 2076 sle
932 2012 965 2070 τὸ

72 2104 162 2154 τῖλαι.
190 2097 299 2170 περισσὴ
322 2094 340 2168 ἡ
360 2099 467 2154 κατά.
496 2100 548 2154 νύν
571 2096 658 2163 εύθύς
679 2098 726 2154 καί
746 2096 796 2155 ούκ
813 2100 852 2164 είς
867 2096 966 2172 ἀναβο-

76 2185 133 2250 me.
160 2191 198 2243 Μ.

147 2277 159 2308 *
187 2279 230 2332 22.
274 2281 422 2332 κισσοῖο.
456 2277 538 2332 τούτο
569 2275 637 2345 πρὸς
667 2274 699 2332 τδ
725 2275 867 2334 καλύκεοει
905 2277 965 2332 νύν·

73 2382 151 2420 αιιτε.
180 2369 216 2422 Μ.

147 2459 178 2508 λ.
197 2459 241 2510 23.
263 2452 393 2522 Κοίλυξ,
413 2449 502 2518 ἄνθος
519 2452 616 2523 δύδιύν
633 2451 701 2510 ἐστι·
723 2453 871 2516 σέλινον,
892 2449 964 2520 εἶδος

76 2542 166 2609 φοτού
184 2536 203 2611 ἢ
220 2543 324 2610 μᾶλλον
341 2543 425 2598 είτιεῖν
444 2542 578 2612 λαχάνου.
600 2545 736 2600 σελίνου
753 2541 887 2612 στέφανος
902 2539 965 2598 τέν-

75 2632 161 2696 θιμορ
175 2619 224 2700 ἦν.
243 2630 275 2686 τδ
291 2629 344 2700 γὰρ
361 2629 465 2687 σέλινον
481 2629 595 2688 πένθεσι
612 2628 701 2701 προοὴ
711 2633 793 2700 [κει].

147 2722 177 2772 Β.
195 2724 240 2774 27.
263 2719 348 2789 Τόνε
364 2719 431 2790 μὰν
450 2719 539 2776 τεόν.
561 2719 594 2776 τύ
607 2718 637 2789 νέ
649 2737 708 2787 σοι,
725 2715 809 2789 ἤγουν
825 2717 903 2787 καρνί
920 2733 963 2778 οοι

76 2801 131 2874 ἡδύ
149 2804 181 2862 τύ
198 2809 297 2862 θανεῖν
309 2802 419 2876 ἅτιμορ·
438 2802 528 2878 ἥσθην
545 2806 598 2877 γὰρ
616 2801 658 2863 ὅτι
676 2805 861 2876 ἐκινδύνευσα,
885 2802 904 2876 ἢ
922 2801 964 2864 ὅτι

76 2891 130 2964 ἡδύ
149 2893 211 2962 [τοί]
226 2891 281 2949 λοτι
297 2893 328 2952 τδ
346 2900 445 2952 θανεῖν
461 2915 502 2967 με.
529 2929 554 2944 ·-
576 2895 759 2953 *τέτυκται
774 2897 805 2952 τδ
823 2897 872 2952 αδν
887 2914 962 2952 κατι-
1038 2919 1042 2942 ι

77 2980 234 3051 οκευύεθη,
255 2979 374 3054 έγένετο,
393 2979 476 3054 ἤγουν
494 2981 676 3057 εύφρανθὴοῃ
694 2983 738 3041 έιιί
756 2983 848 3058 τούτφ.
872 2989 910 3042 Μ.

149 3076 178 3128 ΙΙ.
199 3074 243 3124 20.
272 3068 353 3128 ούδέ
370 3072 406 3129 τὸ
421 3071 642 3143 τηλέφιλλον.
670 3078 736 3128 Post
753 3070 915 3142 τλατύγημα
932 3067 963 3128 δέ

78 3163 162 3218 τδιλ.
174 3165 277 3216 schola
297 3158 350 3216 έντι
368 3159 399 3218 δέ
416 3163 449 3217 τδ
466 3163 516 3231 τῆς
531 3161 659 3230 μήκωνος
675 3162 778 3230 φύλλον
793 3154 810 3216 δ’
827 3181 855 3216 τι
868 3163 964 3224 θέντες
1040 3223 1045 3232 ,

78 3249 149 3304 κατὰ
163 3249 215 3318 τὴν
233 3245 370 3319 α’ντίρειρα
386 3249 433 3305 καί
449 3248 498 3306 τὸν
511 3252 621 3319 λιχανὸν
638 3249 771 3306 δάκτυλον
787 3248 914 3306 τύπτουσι
930 3251 963 3320 τῇ

79 3338 154 3411 δεξιᾷ
171 3331 237 3396 ύετε
253 3337 421 3398 ιιλατοίοεειν.
