2556 3824
898 276 932 328 8³

121 418 137 456 *
156 423 199 474 24.
228 415 398 490 αύτοφυά.
424 414 454 474 έκ
472 415 580 488 φύσεος
597 408 682 474 οὖσαν
699 416 804 491 ύάβδον
821 418 867 474 καί
886 415 935 474 οάκ

51 507 78 562 έκ
94 507 189 578 τέχνης
205 507 287 573 τινάς.
313 512 348 564 Μ.

118 600 147 650 B.
167 601 212 650 λλ.
238 593 489 666 έκαναγήσατο.
518 592 622 666 ἐγέλασε
639 595 732 666 ςαρίεν
756 592 799 651 ἐπὶ
823 598 861 670 τῷ
885 598 935 652 τού

50 685 143 754 κόχλου
156 681 296 756 ὀστράκῳ·
314 687 413 740 τελείων
426 683 515 749 δύσις,
528 687 609 755 φησί,
628 685 678 755 τῆς
689 686 819 754 μουσικῆς
831 684 876 740 καί
888 685 935 753 τῆς

51 771 137 847 βδῆς·
162 767 224 830 ούτε
243 769 260 830 ά
277 767 362 839 ύτνος
379 770 444 844 ἡμῖν
461 772 633 844 γλυκύτερος,
657 770 719 830 ούτε
736 773 769 830 τδ
787 771 848 844 ίαρ,
871 767 936 829 ὅσον

51 857 168 933 μουσική.

117 955 148 1006 Α.
168 957 213 1008 30.
253 948 366 1022 μηκέτ’
393 949 447 1006 έτιί
474 950 640 1021 γλῶσσας.
671 945 756 1020 ἤγουν
781 949 818 1021 μὴ
846 953 934 1020 σιωπῇ

53 1040 151 1113 κρύφης
169 1042 223 1110 τὴν
242 1037 333 1115 ιβδήν·
358 1037 426 1110 πρὸς
443 1037 545 1097 ἑαυτὸν
562 1037 630 1109 λέγει
648 1041 737 1096 τούτο.
758 1041 817 1109 [τού
833 1044 935 1110 Τρικλι·

54 1129 112 1184 νίου.
131 1134 179 1194 δι]
202 1124 240 1193 ῶς
258 1123 315 1185 άτδ
332 1131 382 1184 τού
400 1126 503 1197 νομέως
521 1123 537 1184 δ
555 1128 634 1198 λόγος
650 1130 721 1199 πρὸς
738 1130 788 1193 τάς
806 1129 934 1196 Μούσας,

55 1211 137 1284 ἢάτιδ
155 1219 207 1276 τοῦ
225 1219 358 1288 ποιητοῦ·
385 1207 407 1272 ῶ
431 1219 559 1281 Μοῦσαι,
586 1221 618 1272 τδ
632 1215 715 1286 μέλος
732 1220 781 1286 τῆς
798 1213 872 1288 φ’δῆς
889 1219 938 1286 τῆς

54 1303 111 1374 παρ’
127 1303 194 1376 ἡμῖν
219 1305 371 1376 έκφήνατε,
399 1306 437 1375 μὴ
456 1303 485 1360 δέ
503 1303 548 1360 ἐπί
568 1307 616 1375 τῆς
633 1303 750 1375 γλώττης
768 1303 938 1373 φλύκταιναν

52 1392 147 1466 φύσης,
168 1385 323 1452 ῶΜούσα·
342 1396 412 1464 πρὸς
426 1392 514 1457 πάσας
533 1391 563 1450 δέ
580 1393 630 1449 τδν
648 1391 728 1463 λύγον
745 1393 937 1463 ποιησάμενος,

49 1484 95 1536 νύν
112 1482 139 1548 ές
155 1486 226 1552 μίαν
247 1480 408 1540 άτέκτεινεν.
436 1511 471 1524 -
496 1481 514 1520 *
532 1482 667 1552 γράφεται
684 1484 730 1538 καί
747 1476 836 1540 οὕτω·
855 1486 937 1552 φαί-

48 1590 116 1628 νετε
135 1570 221 1630 δ’·ῶδ
232 1572 271 1637 άς
294 1571 361 1636 Τάς
378 1569 457 1627 ποκ’.
471 1573 597 1642 φαίνετε,
616 1579 774 1642 περιφανεῖς
788 1577 896 1628 ποιεῖτε.
915 1577 938 1626 J.

50 1660 181 1732 γράφεται
197 1661 261 1726 καί,
282 1658 360 1730 έμίν
378 1659 415 1716 δέ
432 1679 467 1716 τε
483 1663 584 1729 μῶσα
601 1661 656 1716 καί
675 1659 751 1735 βδά.
783 1667 807 1718 J,

118 1748 196 1808 ²⁸³5.
220 1749 356 1821 γράφεται
374 1749 433 1818 καί,
462 1743 504 1814 ῶς
529 1747 588 1819 μέν
614 1747 728 1820 άρῆτε·
756 1752 887 1819 δαρικῶς.
915 1758 938 1804 J.

120 1845 152 1896 A.
176 1846 220 1898 ³6.
263 1840 335 1903 Τάς
363 1837 393 1894 δ’
415 1833 505 1894 οὔτι.
538 1842 597 1908 Τὴν
623 1840 683 1907 περί
710 1841 760 1896 τοῦ
784 1837 939 1904 Ὀδυσσέως

51 1928 168 1998 ίστορίαν
193 1929 358 2000 αἰνίττεται·
385 1926 434 1984 τὸν
457 1924 506 1994 μὲν
528 1928 580 1997 γάρ
605 1925 737 1984 Ὀδυσσέα
760 1930 849 1998 σοφὸν
872 1925 940 1985 ὄντα

51 2019 94 2072 καί
113 2024 175 2084 ταῖς
193 2016 325 2081 Μούσαις
342 2015 506 2087 φιλούμενον
528 2013 577 2072 ούκ
602 2013 750 2086 έδηλήσατο
773 2020 811 2090 τῷ
829 2019 903 2090 ποτῷ
923 2014 939 2086 ἡ

51 2099 153 2177 Κίρκη·
176 2106 243 2171 τούς
265 2105 358 2174 μέντοι
383 2101 457 2178 αύτῷ
479 2103 612 2169 συνόντας
633 2101 763 2176 ἠδυνήθη
781 2109 940 2178 μεταβαλεῖν

50 2196 85 2258 είς
106 2199 231 2267 χοίρους,
261 2192 369 2272 άφελεῖς
395 2190 512 2266 εύρούσα
536 2195 581 2249 καί
605 2196 728 2258 Μουσῶν
749 2195 781 2249 τὸ
806 2196 939 2266 παράπαν

51 2280 250 2356 ἐστερημένους.
269 2317 292 2328 -
316 2281 334 2318 “
354 2278 412 2348 Ούς
429 2281 459 2338 δέ
475 2281 607 2352 ούδαμῶς
625 2280 722 2352 δρῶσι,
752 2283 878 2353 δηλονότι
896 2285 940 2339 καῖ

52 2369 273 2443 έπισκέτιτονται,
293 2373 321 2430 αλ
334 2373 463 2442 Μοῦσαι,
482 2372 596 2437 τούτους
607 2370 756 2442 έδηλήσατο
768 2371 813 2426 καί
825 2369 942 2445 έβλοιφεν

53 2457 169 2532 ἡΚίρκη
187 2464 281 2535 ποτῷ,
299 2460 419 2518 τουτέστι
439 2461 486 2517 διά
504 2461 554 2518 τού
572 2463 706 2525 κυκεῶνος
723 2463 773 2516 τοῦ
792 2461 941 2530 φαρμακῶ-

52 2551 131 2616 δσυς·
159 2549 294 2622 άναφέρει
312 2549 342 2607 δέ
361 2549 410 2607 τδν
427 2551 508 2620 λύγον
525 2550 595 2619 πρὸς
612 2547 759 2606 Ὀδυσσέα·
784 2541 865 2613 ούτος
890 2552 943 2618 γάρ

52 2631 142 2708 Ἑρμεῖ
158 2644 198 2716 τῷ
218 2638 312 2714 έφύρῳ
330 2642 379 2696 τοῦ
398 2640 480 2710 λύγου
498 2641 578 2710 φίλος
594 2637 738 2708 γενόμενος
755 2639 800 2694 καί
817 2639 850 2694 τὸ
867 2641 943 2705 μῶλυ

51 2725 114 2796 παρ’
139 2726 249 2786 ἐκείνου
272 2728 379 2802 λαβῶν,
409 2725 545 2799 άνῶτερος
566 2728 622 2782 τῶν
644 2728 816 2796 μαγγανειῶν
840 2730 943 2796 Κίρκης

51 2812 162 2887 ἐγένετο,
183 2819 251 2883 τοὺς
263 2816 288 2874 δ’
299 2816 424 2887 ἑταίρους
436 2813 531 2880 αύτού,
548 2808 672 2887 άιῖύφους
685 2811 780 2879 ὄντας,
793 2813 820 2883 ἐξ
833 2813 944 2897 άνθρῶ-

51 2925 109 2962 παν
137 2909 176 2971 είς
206 2905 286 2973 ζῶσιν,
310 2906 393 2977 φύσιν
418 2904 525 2976 άλύγων
550 2902 568 2977 ἡ
596 2908 684 2975 Κίρκη
711 2904 880 2976 μετήμειψιν.
911 2910 943 2959 N.

54 2997 180 3063 Κίρκα.
194 2991 226 3064 ἡ
245 2997 348 3067 Κίρκη·
376 2991 446 3066 αὕτη
469 2996 681 3066 φαρμακοτοιδς
699 2984 733 3065 ἦν
750 2991 834 3064 γυνή,
862 2986 881 3062 ἢ
898 2994 942 3048 καί

52 3083 115 3147 τοὺς
133 3081 197 3140 Ὀδ.
219 3083 255 3140 έτ.
274 3085 312 3149 είς
328 3087 437 3156 χοίρους
453 3083 604 3158 μετέβαλεν.
634 3089 672 3142 Μ.

413 3268 586 3276 ..--.--
