2556 3824
328 267 361 318 10

326 407 463 472 Μελιξοῦς
482 408 528 462 καλ
551 410 667 480 Φιλήτας
685 408 702 482 ἦ
723 415 771 482 τῆς
796 411 861 486 ἐμῆς
880 413 1042 488 αὐλητρίδος
1059 419 1146 490 μήτηρ
1167 423 1215 477 καί

327 489 401 548 εἶπεν
422 487 464 550 ότι
482 495 585 567 Δέλφις
603 497 660 572 ἐρᾷ.

395 585 487 640 *ssa
514 584 757 655 όοδόταχυν.
784 590 833 661 τὴν
859 590 1028 666 ῥοδόπηχυν,
1056 592 1140 670 ἤχονν
1160 598 1214 666 τὴν

325 669 485 741 howswa,
515 673 565 742 τὴν
581 675 694 746 λευκήν,
715 671 887 748 ἣνὍμηοοο
906 680 1109 750 δοδοόάιτολον
1129 689 1210 756 λέγει.

323 763 359 815 Μ.
377 760 424 814 διὰ
445 759 476 816 τό
497 760 569 830 δόδα
586 761 655 832 ἔχειν
673 771 745 820 κατὰ
765 769 813 821 τόν
831 764 909 836 ἀέρα.
927 774 958 823 Ρ.

391 851 421 902 Β.
440 852 499 904 119.
519 846 626 906 Κείττέ
650 872 713 920 μοι
731 857 845 910 τοῦτο
866 855 985 922 μόνον
1008 851 1084 916 ότιὸ
1107 860 1214 931 Δέλφις

321 933 352 988 ἐν
372 937 511 1008 συμποσίῳ
531 939 580 992 τοῦ
602 937 738 1006 ἐρωμένου
757 941 837 1010 χάριν
854 943 959 1011 σκύφον
986 949 1102 1014 συνεχῶς
1124 946 1212 1020 ἀκρά-

320 1041 371 1077 του
398 1019 514 1090 ἐπεχεῖτο
535 1025 581 1080 καί
613 1026 688 1089 τέλος
718 1029 873 1082 καταλιπόν
899 1029 931 1084 τό
953 1033 1101 1098 συμπόσιον
1124 1030 1212 1110 ρ’ίχετο

319 1109 402 1178 λέγων
426 1112 608 1185 στεφανώσειν
637 1111 724 1167 αότοῢ
750 1115 800 1172 τὸν
836 1111 929 1169 οἷκον·
957 1117 1071 1173 είοίθασι
1097 1125 1151 1190 γὰρ
1182 1127 1211 1180 ολ

319 1196 430 1266 ἐρῶντες
454 1199 533 1269 χάριν
556 1203 612 1256 τόν
637 1197 779 1267 ἐρωμένων
804 1203 927 1266 κυάθους
958 1207 1083 1270 πλείονας
1112 1207 1210 1278 ἐπιχεῖ-

318 1291 397 1340 σθαι.
414 1289 464 1342 τὸν
484 1289 537 1357 γάρ
557 1285 691 1356 ἐρόμενον
710 1284 724 1343 ὁ
743 1285 868 1357 ἐρασθείς
885 1299 942 1354 τοῖς
957 1289 986 1346 ἐκ
1012 1295 1062 1347 τοῦ
1076 1295 1208 1364 δαιτυμό-

318 1394 366 1438 νος
393 1374 547 1442 διδομένοις
573 1372 690 1444 ἀγγείοις
726 1373 801 1433 οἶνον
827 1376 936 1450 ἔβαλεν·
964 1377 1056 1448 ἀτὰρ
1088 1381 1205 1435 τόσον

319 1461 399 1516 αἰὲν
432 1460 589 1530 έρεοτος·
623 1461 748 1532 ἀκράτως
777 1462 832 1520 όκό
865 1465 964 1536 ἔρωτος
988 1471 1122 1536 κατείχετο
1155 1467 1206 1520 καὶ

317 1549 400 1622 ἔφυγέ
420 1568 462 1618 σε,
490 1552 537 1606 καλ
555 1548 627 1620 εἷπε,
647 1555 727 1624 φησί.
750 1551 894 1624 άχχείλασα
911 1558 992 1610 τοῦτο
1011 1554 1099 1622 μόνον
1116 1548 1161 1609 ότι
1188 1549 1205 1608 ὁ

318 1637 417 1709 Δέλφις
438 1637 466 1693 ἐν
485 1657 508 1696 ο.
525 1643 574 1696 τοό
591 1639 628 1710 ἐρ.
645 1661 669 1711 χ.
690 1642 800 1698 κυάθου
813 1660 835 1698 ο.
858 1641 978 1711 ἀκράτου
998 1639 1135 1709 ἐτεχεῖτο.
1152 1682 1158 1695 .
1175 1682 1180 1693 .
1199 1683 1205 1695 .

317 1722 409 1783 οἷκον.
427 1730 618 1798 Καλλίμαχος.
636 1771 642 1785 .
657 1771 663 1786 .
678 1769 685 1782 .
703 1735 742 1786 Cf.
758 1734 842 1786 Gaius.

387 1819 480 1872 *156.
505 1819 567 1874 τάν
596 1821 715 1887 δωρίδ
725 1839 759 1874 α.
788 1817 859 1871 διότι
892 1817 918 1871 ολ
946 1821 1060 1883 Δωριεῖς
1086 1813 1207 1886 ἐφεῦρον

316 1902 412 1974 αὐτήν.
429 1908 462 1959 Η.

388 1996 481 2048 *158.
506 1997 670 2064 τερπνὸν
704 1992 794 2062 ἔχει.
821 1987 904 2062 ἤγουν
934 1995 1062 2050 καλλίονα
1084 1999 1203 2063 γυναῖκα

314 2081 410 2152 τέρψιν
429 2079 503 2154 αὐτῷ
518 2081 657 2152 ἐμποιοῦν.
680 2085 716 2137 Μ.

385 2175 414 2226 B.
439 2177 500 2227 159.
528 2173 569 2226 αί
592 2167 623 2225 δ’
653 2166 709 2224 έτι
733 2165 834 2238 κη’μέ.
870 2167 936 2224 Ἐὰν
960 2167 992 2224 δέ
1016 2171 1044 2224 τί
1061 2189 1094 2238 με
1112 2172 1204 2242 λυπῇ,

314 2259 420 2328 κρούσει
454 2261 505 2330 τὴν
523 2258 632 2316 Ἀΐδου
660 2255 770 2326 τιόλην,
806 2257 939 2322 τουτέστι,
979 2259 1203 2327 καταχειριοῦμαι

313 2345 406 2404 αάτόν.

385 2439 479 2490 *164
506 2430 672 2489 δ’πέσταν
696 2429 779 2503 ἤγουν
803 2427 891 2504 ὥσπερ
919 2435 965 2489 καλ
982 2433 1058 2503 μέχρι
1074 2436 1124 2490 τοῦ
1147 2436 1202 2488 νόν

313 2521 461 2591 ὑπέμεινα,
483 2518 650 2592 ἀνεδεξάμην
666 2520 760 2578 αὐτόν.
779 2527 816 2579 Μ.

386 2614 500 2666 1166.
525 2611 675 2676 Νυκτός
695 2608 846 2666 όκαδοί-
869 2612 980 2666 δοκοῦσι
1006 2609 1057 2680 χάρ
1075 2610 1101 2665 οἱ
1122 2606 1201 2664 ἀστέ-

314 2719 357 2770 ρες
384 2697 549 2754 ἀκολουθεῖν
573 2701 607 2770 τῇ
637 2701 714 2754 νυκτί
721 2717 727 2730 ·
753 2696 926 2768 ἀπελθούσης
954 2698 1006 2769 γὰρ
1027 2701 1075 2768 τῆς
1101 2699 1201 2762 νυκτὸς

313 2785 405 2843 οόκέτι
421 2789 575 2857 φαίνονται.
601 2823 624 2834 -
648 2793 678 2842 Β.
698 2777 721 2842 ἀ
738 2785 864 2857 ἀστέρες,
882 2785 993 2856 εόκήλου
1013 2789 1111 2850 νυκτὸς
1130 2784 1200 2840 κατ’

313 2871 416 2946 ἀντυχα
433 2872 539 2931 ὀπαδοί
544 2916 551 2936 ,
569 2876 704 2932 τουτέστιν
716 2874 930 2940 ἀκολουθοῦντες
944 2916 951 2930 .
964 2915 971 2930 .
985 2916 991 2930 .
1005 2917 1012 2930 .
1032 2877 1112 2946 φησί·
1130 2874 1201 2944 λέγει

313 2963 343 3020 δέ
362 2963 412 3034 τὴν
423 2963 508 3020 νάκτα
527 2961 577 3034 ἐφ’
592 2959 714 3034 ἀρματος
735 2963 866 3034 ὀχεῖσθαι.
886 3000 909 3010 -
929 2959 1082 3033 ’ἄντυγα
1100 2965 1130 3020 τὸ
1148 2966 1199 3018 τοῦ

313 3051 433 3123 οάρανοό
451 3050 648 3124 ἡμισφαίριον,
668 3051 748 3124 ἢτῆς
764 3056 883 3124 Σελήνης
898 3056 928 3110 τὸ
946 3049 1028 3124 ἀρμα.
1050 3059 1088 3111 Μ.

667 3329 842 3338 -—..-—-—-
