2556 3824
324 291 358 342 οι

394 432 425 502 λλ.Ι
453 435 495 484 18.
537 432 654 485 λίθον
686 433 752 486 τὸν
781 425 959 500 ὕστερον.
988 436 1071 490 λίθον
1103 436 1209 503 στερεὸν

323 512 391 572 ὄντα
408 520 458 588 τῆς
475 521 564 588 ψυχῆς
582 515 619 582 τός
638 517 693 573 α’πὸ
711 522 837 589 γραμμῆς
861 524 907 576 καί
928 525 1022 592 τεγνῆς
1040 524 1114 588 τινός
1130 529 1207 580 κινεῖ.

323 603 458 670 άλλως·
485 607 535 662 τόν
553 604 608 662 α’πὸ
629 608 783 677 σφενδόνης
808 610 890 664 λίθον
908 615 978 665 κινεῖ
990 610 1082 667 θέλων
1098 615 1211 682 ποιῆσαί

323 714 351 752 σε
369 694 434 768 ἐρᾷν
454 692 546 764 αὐτῆς.
564 727 600 735 -
618 697 708 751 λίθο
719 716 752 751 ν.
774 691 857 766 ἤγουν
874 698 921 752 καί
940 698 989 762 τὰς
1007 696 1133 770 άψόγους
1150 702 1209 770 στή-

322 791 371 848 λας
389 789 459 839 κινεῖ
474 785 543 852 πρὸς
560 784 609 840 τόν
627 782 723 851 ἔρωτα.
751 815 786 824 -
811 788 844 838 Α.
872 789 1029 854 Παροιμία·
1057 790 1103 844 καί
1120 788 1211 843 πάντα

322 872 426 956 τρόπον
445 878 519 927 ποιεῖ
536 864 603 927 ὅστε
621 878 709 940 τυγεῖν
728 891 792 940 σου,
819 869 906 942 ἤγουν
931 873 1022 930 πάντα
1045 877 1126 933 λίθον
1143 884 1213 932 κινεῖ

323 964 369 1018 ἴνα
387 960 452 1033 τάχη
471 979 527 1016 σου.

393 1049 409 1087 *
437 1055 479 1104 19.
518 1047 733 1118 πέφανται·
764 1045 849 1118 ἤγουν
874 1052 907 1105 σίν
933 1050 1014 1115 καλὸς
1040 1048 1095 1122 ὤν,
1115 1033 1213 1118 ’κακὸς

324 1141 428 1210 φαίνη
447 1133 465 1207 ἢ
485 1135 615 1206 άμόρφου
633 1154 682 1192 σου
701 1132 795 1205 ὄντος,
815 1135 864 1209 ἐρᾷ
881 1135 899 1208 ἡ
919 1141 1062 1196 Γαλάτεια.
1090 1148 1119 1195 ί..

395 1233 424 1282 Β.
444 1231 487 1282 23.
506 1223 628 1293 αάτάρ
647 1222 662 1279 ὁ
682 1223 862 1292 μάκντιςό
893 1227 1059 1296 Τήλεμος.
1078 1226 1093 1283 ὁ
1112 1229 1211 1296 μάντις

323 1313 354 1382 ός
371 1336 417 1386 μοι
439 1316 528 1384 εἴρηκε
545 1316 742 1383 τυφλωθῆναι,
771 1312 855 1378 αὐτὸς
880 1317 1039 1388 τυφλωθείη
1066 1318 1125 1384 περί
1152 1321 1209 1372 τάν

321 1407 431 1461 παίδων
450 1400 544 1458 αὐτοῦ.
567 1405 656 1457 Τοῦτο
676 1400 706 1456 δὲ
724 1403 843 1473 εἴρηκεν,
862 1401 955 1474 ἐπειδὴ
973 1407 1096 1469 τοιοῦτος
1111 1405 1206 1472 μάντις

322 1494 421 1564 εἰρήκει
440 1489 514 1563 αότῷ
531 1491 761 1560 τυφλωθήσεσθαι
779 1488 833 1548 άπὸ
852 1489 1015 1556 Ὀδυσσέως.
1033 1523 1068 1534 —-

358 1581 360 1588 ’
393 1587 422 1635 B.
442 1585 485 1635 λλ.
522 1575 660 1647 ἐχθρά.
692 1580 774 1636 τοῦτό
800 1578 872 1635 ἐστιν
899 1575 966 1646 ὅπερ
993 1577 1075 1646 λέγει,
1104 1573 1147 1632 ότι
1173 1579 1212 1633 τὰ

322 1669 446 1740 ῥηθέντα
464 1687 510 1736 μοι
528 1668 589 1735 περὶ
606 1668 727 1736 μάντεως
746 1670 817 1724 κακὰ
836 1665 1055 1734 άντιστραφοῐσιν
1071 1663 1146 1738 αὐτῷ
1164 1668 1210 1722 καί

321 1766 379 1822 τοῖς
395 1757 499 1821 τέκνοις
516 1753 609 1812 αὐτοῦ.

393 1853 423 1902 Β.
443 1852 485 1902 28.
524 1848 579 1902 Καί
604 1847 654 1916 τὴν
683 1845 837 1901 Γαλάτειαν
863 1831 912 1896 σάν
939 1843 1055 1910 οίστρεῖν
1081 1837 1164 1913 φησίν
1196 1842 1211 1899 ὁ

323 1936 469 2004 Θεόκριτος
485 1935 555 1990 κατά
572 1935 750 2006 μεταφοράν·
780 1933 881 1999 οίστρεῖ
896 1931 1095 2000 παπταίνοισα,
1124 1926 1213 2001 ἤγουν

320 2023 374 2080 άπὸ
395 2025 503 2092 οἴστρου
520 2023 699 2129 πεπίηγμὲνη.

392 2112 470 2170 *29.
496 2119 601 2181 σίγα.
630 2109 719 2180 ἡρέμα
748 2107 792 2162 καί
820 2106 888 2174 μετὰ
914 2111 988 2178 σιγῆς
1014 2062 1124 2179 βαΰζειν
1152 2105 1211 2190 ιἐτει-

320 2206 417 2260 τσίττω.
445 2207 474 2258 P.

392 2298 422 2346 B.
441 2291 484 2347 30.
511 2291 592 2358 ίσγί
601 2309 634 2343 α.
667 2288 706 2340 Τὸ
733 2284 820 2353 στόμα
847 2277 901 2340 άνὰ
927 2285 1009 2353 μέσον
1035 2287 1092 2340 τάν
1117 2285 1214 2354 ἰσχίων
1255 2327 1256 2334 ,

322 2380 435 2451 ἔχουσα·
462 2374 533 2435 οὕτω
559 2379 612 2446 γάρ
639 2376 788 2442 κοιμῶνται
814 2374 840 2429 οί
865 2374 952 2437 κόνες,
982 2403 1009 2414 -
1037 2370 1143 2440 *πρὸς
1160 2375 1215 2442 τῆς

323 2470 476 2531 Γαλατείας
493 2465 691 2536 ῥογγαλίζουσα.
720 2468 748 2516 P.

392 2558 471 2611 ³²3⁸.
501 2559 530 2608 Π
537 2555 665 2620 αρίας.
698 2545 770 2608 οότω
793 2550 965 2620 καίουμάνης.
1005 2549 1111 2617 Πάριος
1129 2551 1216 2614 λίθος

320 2643 404 2718 ἤγουν
423 2642 516 2706 λευκὸς
533 2643 579 2698 καί
599 2643 694 2710 Πάρος
711 2644 801 2710 νῆσος.
829 2646 858 2696 L.

393 2740 424 2790 B.
441 2737 485 2788 ⁴0.
515 2728 532 2801 ἡ
552 2730 582 2787 δὲ
601 2731 768 2800 Κοττυταρίς
793 2727 952 2799 ιόνόμασται
976 2726 1033 2784 άπὸ
1050 2731 1100 2782 τοῦ
1117 2727 1214 2784 κάτα·

323 2824 425 2892 ἕτοιμοι
442 2825 496 2891 γὰρ
514 2823 551 2886 είς
569 2821 650 2877 κότον
668 2821 694 2876 οἱ
711 2818 849 2890 γέροντες·
876 2816 930 2872 ἐστί
948 2814 978 2872 δὲ
997 2816 1127 2872 Konna&
1147 2825 1215 2872 Δω-

322 2916 384 2982 ρικη
402 2911 471 2975 θεὸς
487 2908 551 2979 παρ’
569 2903 603 2980 ἧς
621 2906 784 2977 ω’νόμαστᾱι.

393 3000 472 3057 ⁴¹40.
492 3039 569 3054 .....
588 2997 727 3066 όξόθυμοί
744 2999 810 3052 εἰσι·
838 2997 884 3051 καί
901 2992 1108 3065 Ἀριστοφάνης·
1136 2996 1216 3051 Δάσ·

323 3099 403 3149 κολον
419 3090 570 3161 γερόντιον·
588 3083 607 3158 ἢ
625 3110 648 3143 κ.
667 3109 692 3142 τ.
710 3093 733 3142 λ.
766 3091 798 3153 Q.

396 3185 486 3236 Μό.
513 3180 600 3246 νίκη
627 3178 699 3246 μάν
726 3171 812 3231 οὐδ’
838 3168 969 3235 ἄλλος.
1000 3169 1145 3229 άντίτοίι·
1179 3172 1217 3229 οὔ

322 3271 374 3341 γάρ
399 3267 469 3338 πρός
494 3288 568 3332 τινος
592 3263 768 3338 ἡττήθησαν·
800 3260 1020 3318 άνάσσατοι
1046 3258 1091 3324 δέ,
1124 3255 1219 3331 ἤγουν

323 3357 466 3429 άὴττητοι,
485 3356 635 3425 τουτέστιν,
656 3351 747 3417 υάδείς
766 3349 866 3416 αὐτοὺς
884 3349 1027 3422 ἐνίκησεν.Ι

687 3485 807 3493 ..η-ῳ..
811 3484 860 3491 .—
