2556 3824
339 311 374 361 50

346 446 535 516 ,φθέγξομαε
546 485 553 500 .
566 451 621 498 .“-
636 443 773 514 Ἀράτειος
786 445 803 516 ἡ
815 447 934 520 είςβοίή·
952 451 1032 504 τοῦτο
1051 447 1082 504 δὲ
1102 451 1141 513 είς
1161 452 1227 504 Πτο·

338 540 453 603 ίεμαῖου
481 536 530 590 τὸν
559 534 731 604 Φιλάδελφον
757 533 966 607 ἐκιχίχρακται,
998 531 1029 601 ὃς
1057 540 1229 606 Πτολεμαίου

342 627 390 680 τοῦ
409 626 526 693 Λαναοῦ
544 624 590 678 καί
608 625 752 693 Βερενίκης
764 630 836 688 ,σταῖς
853 615 896 695 ἦν.
932 631 969 682 Μ.

414 717 458 768 28.
482 715 533 767 Τό
551 715 606 768 καί
626 710 700 768 ἐπεί
719 715 899 783 δαίτηθεν.
923 715 981 768 Τὸν
992 709 1127 780 Ἡρακλέα
1140 715 1227 783 φησίν,

341 796 374 857 δν
392 799 422 856 ἐκ
439 803 489 870 τῆς
504 803 561 856 τόν
578 803 654 856 θεῶν
673 799 787 872 εόαχίας
810 804 981 872 καθίστησαν
1006 803 1044 865 είς
1065 801 1118 858 τόν
1141 797 1228 858 εόδισν

340 889 427 946 τόπον
445 887 614 958 Ἀλέξανδρος
632 891 678 945 καί
698 895 875 959 Πτολεμαῖος.

414 977 492 1034 *³0.
539 977 661 1045 Τόξον.
702 981 761 1034 Τοῦ
794 980 955 1047 Τρικίινίου.
996 977 1053 1034 Τόν
1083 975 1227 1047 Ἡρακλέα,

342 1068 439 1134 φησίν,
464 1064 493 1120 ἐκ
512 1069 559 1136 τῆς
577 1069 632 1121 τεόν
649 1069 725 1121 θεάν
744 1063 857 1135 εόωχίας
875 1064 995 1123 ἒίθόντα
1013 1069 1114 1122 δοῦναι
1134 1070 1227 1122 Πτολε·

341 1156 414 1226 μαίῳ
432 1155 477 1208 καί
489 1151 651 1229 Ἀίεξάυδρηο
667 1161 725 1219 τοῖς
738 1150 824 1210 αότοό
836 1151 997 1224 άττσχόνοις,
1017 1157 1057 1229 τῷ
1068 1155 1133 1224 μέν,
1152 1153 1227 1220 τόξον

342 1244 388 1298 καί
407 1241 561 1313 φαρέτραν,
580 1239 643 1313 ἤτοι
660 1240 838 1314 όϊστοδόκην·
861 1243 902 1316 τηῖ
920 1242 964 1305 δέ,
987 1245 1120 1314 σιδηροῦν
1138 1243 1226 1297 σκότα·

342 1339 388 1387 ίον
407 1331 609 1402 κεχαραγμένον
634 1328 719 1399 όζοις·
746 1329 823 1400 οἶμαι
847 1329 877 1387 δὲ
901 1330 1023 1400 όότταίοτ
1046 1327 1131 1400 εἶναι,
1158 1333 1226 1397 σιδη-

342 1423 409 1486 ροῦν
426 1421 476 1474 τόν
495 1421 617 1489 στηίειόν
635 1419 710 1488 ἔχον,
739 1417 918 1488 ἐνδεδυμένον
936 1417 1062 1487 δέρματι,
1090 1421 1138 1476 καῖ
1155 1414 1227 1484 όζονς

341 1508 418 1570 τιυδις
438 1506 515 1576 ἕχον,
542 1505 589 1562 σία
606 1509 657 1562 νῦν
676 1508 725 1562 εἰσί
743 1506 777 1562 τδι
796 1510 894 1572 κοινάς
913 1505 1076 1563 άπείατίκια
1093 1507 1224 1577 λεγόμενα,

340 1599 375 1651 τά
394 1593 425 1650 ἐκ
442 1597 541 1663 πικράς
560 1593 716 1666 άμνχδαίῆς
732 1599 782 1651 τδν
800 1597 921 1666 στηίειὸν
939 1595 1043 1665 ἔχοντα.
1082 1601 1120 1651 Μ.

414 1684 492 1740 *³2
530 1680 734 1753 άμβρόσιον.
762 1686 801 1748 είς
826 1685 876 1741 τόν
903 1682 1051 1740 άδάνατσν
1080 1682 1158 1740 οἷκον
1183 1683 1224 1749 τῆς

343 1771 510 1836 ίενκόττοδος
523 1766 623 1844 Ἥβης,
642 1767 727 1842 ἤγουν
744 1775 794 1843 τῆς
810 1773 938 1842 χυναιιιδς
957 1770 1051 1828 αὐτοῦ·
1088 1777 1125 1829 Μ.

415 1859 495 1915 *Ινί.
534 1863 594 1916 Ζοῖν
613 1859 664 1929 ἔτι,
693 1863 788 1932 φησίν,
816 1858 947 1931 όΣατὴρ
967 1864 1151 1929 Πτολεμαῖος,
1177 1877 1222 1912 κα·

342 1949 432 2004 νωνδν
456 1951 505 2018 τῆς
530 1947 615 2020 άρχῆς
636 1951 685 2005 τὸν
711 1949 882 2017 Φιλάδείφον
904 1947 1067 2018 ἐποιήσατο.
1097 1952 1125 2010 εί
1145 1946 1175 2002 δὲ
1196 1944 1222 1998 τό

342 2033 448 2092 όττότε
471 2057 527 2092 κεν
550 2037 678 2106 φιλέων
703 2037 833 2106 συνάψεις
850 2039 918 2104 μετὰ
938 2039 987 2092 τοῦ
1006 2034 1221 2108 άντεφιίεῖτο

343 2125 427 2180 ττοίι)
446 2126 564 2194 πλέον,
592 2126 626 2180 τδι
645 2124 674 2182 δὲ
693 2125 754 2195 ἑξῆς
772 2125 820 2182 διά
836 2125 919 2194 μέσον
938 2126 1027 2196 εἴπης,
1058 2122 1109 2182 οόκ
1128 2121 1221 2178 όιτοσον

340 2202 383 2282 ἦν.
402 2219 438 2271 Μ.
469 2217 538 2274 (Τοῦ
560 2217 731 2280 Τρικίινίσν.)

412 2301 491 2357 ⁸⁶77.
515 2305 746 2372 ’Τρικίινίονο
785 2302 861 2371 Πρός
886 2304 916 2358 τὸ
945 2304 1068 2370 μυρίαι
1096 2299 1168 2372 ἦτα,
1194 2297 1220 2348 τὸ

341 2389 441 2459 ίήϊον
470 2387 541 2464 σίίδ.
569 2392 748 2446 συνάπτεται·
776 2391 808 2446 τὸ
839 2389 869 2446 δὲ
894 2389 997 2446 ἔθνεα
1025 2409 1052 2458 μ.
1077 2393 1125 2444 διόι
1148 2386 1221 2454 μέσον

344 2479 456 2548 εἴρηται.
493 2484 529 2534 Μ.
574 2515 576 2520 -

415 2572 460 2622 82.
501 2572 602 2636 Τρεῖς
625 2567 685 2636 μὲν
703 2569 735 2623 οῖ
753 2569 892 2622 τιοίίων.
922 2564 1127 2637 Ἐτιστημόνως
1145 2565 1180 2626 είς
1195 2559 1219 2614 τί

1260 1383 1262 1428 ί

346 2653 508 2724 ἐργάζεσθαι
526 2658 583 2711 πᾶν
602 2655 679 2733 ἔργον
698 2653 741 2710 ἐπὶ
760 2653 825 2725 ἔργα
849 2658 903 2710 τῶν
926 2661 996 2723 τρεῖς
1018 2653 1066 2723 μὲν
1085 2656 1111 2712 οί
1129 2652 1219 2709 noum

343 2742 536 2807 ἑκατοντάδες·
556 2750 625 2812 τρεῖς
638 2742 663 2798 δ’
677 2738 731 2812 άρα
743 2733 859 2812 χιλιάδες
871 2749 990 2813 τρισσαῖς
1002 2740 1046 2799 ἐπὶ
1059 2741 1219 2812 μυριάδεοσι·

344 2833 418 2886 δοιαὶ
436 2831 544 2899 τριάδες
560 2831 706 2902 ἑξήκοντα·
726 2830 868 2895 ἑνδεκάδος
880 2839 963 2900 τρεῖς,
984 2829 1147 2902 ἐνενήκοντα
1159 2829 1218 2892 τρεῖς

344 2918 414 2988 όμοῦ
433 2921 520 2974 πᾶσαι
538 2919 580 2988 μα’
601 2922 741 2989 τρισχίλιαι
758 2923 814 2974 τόν
832 2920 883 2988 gy'.
911 2951 945 2959 -
972 2919 988 2955 *
1011 2917 1216 2988 Τρικίινίσνι

344 3006 379 3063 ‘0
397 3011 450 3070 ταῖς
468 3006 590 3076 άριθμός
614 3011 668 3062 ταῖν
687 3004 923 3078 άττηριδμημένων
941 3008 1046 3063 πόίεσον
1064 3005 1117 3062 όστῖ
1134 2995 1217 3072 μυριίί

347 3099 391 3158 δες
418 3102 504 3161 τρεῖς,
534 3097 580 3150 καί
613 3096 729 3175 χιλιάδες
756 3102 842 3163 τρεῖς,
874 3096 1025 3164 τριακόσιαι
1052 3091 1216 3161 ἐννενήκοντα

341 3192 429 3253 τρεῖς·
457 3183 562 3240 τούτων
585 3186 681 3238 πασῶν
703 3187 759 3238 τῶν
778 3184 881 3238 πόλεων
899 3172 980 3253 ἦρχεν
999 3181 1014 3237 ὁ
1033 3179 1140 3250 ἄριστος
1158 3177 1216 3229 Hm·

344 3280 460 3342 ῖεμαῖος.
498 3278 535 3328 Μ.

414 3363 430 3399 *
444 3369 486 3418 89.
508 3366 536 3416 Κ
540 3381 601 3429 αρο
610 3364 631 3415 ί,
646 3355 685 3416 όν
696 3358 712 3430 ἡ
725 3358 801 3423 τιόίις
813 3362 843 3416 τό
853 3359 1174 3430 νόνίεγόμενονίίάρεσν·
1186 3347 1214 3399 Μ’
