2556 3824
357 507 619 570 EIAYAAION
638 500 679 570 ε’.
717 561 725 578 .

141 721 205 783 Arg.
227 719 255 767 B.
283 711 522 783 δραματικάτερον
541 711 572 768 δέ
589 711 644 767 ἐστι
661 712 699 768 οδ
713 709 862 770 οίδύλλιον·
883 710 958 773 όδοί-

68 823 155 873 πορος
183 801 212 858 ἐν
239 803 361 871 Δωρίδι·
390 805 425 857 K.
444 801 491 856 καί
509 807 541 856 Α.
567 802 718 869 προλογίζει
745 799 774 856 δὲ
798 799 902 871 ύίῐομ.
931 837 955 849 -

69 891 86 929 *
110 889 213 946 Ἰστὲον
232 885 274 946 ότι
292 891 339 945 καλ
356 888 386 946 ἐν
404 892 441 961 τῷ
465 889 580 959 παρόντι
606 891 727 961 είδνλλίῳ
750 893 847 959 διορίδι
870 889 961 961 κίχρη-

67 999 116 1034 ται
135 978 280 1047 Θεόκριτος
308 977 444 1050 διαλέκτῳ.
479 983 517 1036 Μ.
572 975 767 1047 *Δημητρίου
785 981 835 1036 τού
857 981 960 1046 Τρικλι-

69 1069 152 1122 νίου·
185 1066 224 1122 Τὸ
243 1065 335 1133 παρὸν
353 1065 487 1122 εἰδύλλιον
506 1064 641 1135 σύγκειται
664 1067 711 1122 καί
729 1064 798 1123 αύτδ
817 1065 847 1123 ἐκ
865 1071 962 1138 στίχων

71 1156 238 1209 δακτυλικάν
261 1152 414 1224 ἑξαμέτρων
438 1151 635 1225 α’καταλήκτων
652 1156 707 1226 ρν’,
735 1148 774 1211 άν
791 1161 959 1220 τελευταῖος·

69 1242 334 1313 »αίμήτυφΜ
371 1247 408 1297 Μ.

139 1335 170 1386 B.
198 1336 223 1386 1.
264 1332 323 1385 τόν
352 1332 607 1401 Συβαρίταν...
646 1333 792 1404 Συβάρεως
820 1336 955 1401 ποταμοῦ.

68 1415 143 1473 Ἐστί
162 1417 193 1473 δὲ
212 1415 282 1486 αύτή
305 1416 382 1480 πόλις
405 1419 453 1486 τῆς
470 1415 586 1484 Ἰταλίας
603 1415 717 1485 άποικος
739 1423 791 1476 νύν
808 1420 960 1491 καλουμένη

71 1508 209 1577 Θούριον·
232 1505 311 1572 Τινὲς
327 1508 358 1564 τό
382 1505 449 1564 αύτδ
465 1511 584 1578 Θούριον
601 1513 647 1566 καί
659 1513 816 1584 Συβαρίτην
833 1514 959 1568 καλούσι·

69 1594 173 1666 λίγετοιι
191 1593 222 1651 δὲ
241 1591 283 1652 ότι
301 1593 355 1652 ύπύ
374 1598 429 1656 τῶν
448 1601 497 1666 Κρ.

136 1683 154 1723 *
172 1692 197 1740 1.
224 1682 326 1741 ’ἱστίον
344 1680 385 1741 ότι
405 1680 475 1756 αύτη
493 1683 512 1756 η’
531 1685 652 1760 Σύβαρις
670 1688 715 1743 καί
730 1687 850 1756 Θούριον
868 1693 952 1744 καλοί·

66 1793 112 1827 ται
130 1770 187 1829 άπό
206 1793 279 1837 τινος
297 1773 441 1843 Νηρηίδος
460 1775 587 1842 Θουρίας.
620 1779 653 1841 Q.

139 1867 171 1915 A.
196 1868 223 1917 2.
258 1861 363 1925 νάκος
386 1858 404 1931 ἡ
428 1864 485 1917 τόν
508 1861 655 1934 προβάτων
680 1862 727 1918 καλ
755 1866 841 1934 οιίγάν
869 1865 956 1933 δορά·

69 1948 172 2017 λέγεται
192 1946 222 2003 δὶ
240 1949 286 2004 καί
304 1952 362 2019 πιρλ
381 1948 523 2020 άρσσνικού
541 1952 585 2006 καί
597 1953 722 2020 θηλυκού
734 1952 781 2008 καί
796 1949 955 2021 ούδετίρου·

69 2031 159 2105 άσπερ
177 2035 276 2109 βλάβος
293 2040 338 2092 καί
356 2038 451 2111 βλάβη.

137 2131 167 2181 δ.
188 2131 213 2180 3.
253 2125 292 2182 Τό
321 2123 521 2202 δὲνάμνίδες
547 2126 696 2198 προβάτια,
724 2128 840 2196 μάλιστα
864 2127 895 2185 δὲ
921 2129 956 2185 τά

64 2213 155 2282 μικρά.
180 2248 204 2260 -
225 2211 287 2271 ούκ
305 2212 464 2283 ἐσορῆτι·
479 2211 539 2269 άντί
554 2218 605 2270 τού
624 2215 742 2284 είςοράτε
754 2215 955 2286 παρακέλευσις,

67 2302 222 2370 τουτέστιν,
243 2299 386 2372 άπόστητε.

135 2389 152 2428 *
176 2395 202 2446 6.
239 2391 438 2459 Κορύδωνι.
466 2382 548 2454 ούτος
574 2387 692 2460 άμονσος
719 2382 753 2461 ἦν
782 2395 883 2462 ποιμὴν
909 2393 957 2448 κοιλ

66 2479 172 2541 δούλας.
190 2483 227 2534 Μ.

137 2569 167 2620 λλ.
185 2571 211 2621 7.
243 2565 448 2624 ποππύσδεν
454 2605 532 2622 .....
558 2569 731 2638 φασσάνκαλ
748 2568 796 2624 διά
813 2570 845 2626 τδ
864 2568 956 2638 άρκοῒν

1 2715 2 2724 ρ
64 2649 157 2707 αόλιῖν
186 2650 224 2717 άς
251 2655 276 2709 ολ
301 2657 408 2718 παῖδες.
439 2658 530 2712 Τοῦτο
557 2655 639 2711 δὲ...
674 2689 697 2700 -
731 2657 955 2727 ’κολακεύεινη

1 2735 2 2748 ’
64 2744 153 2796 λαλεῖν
171 2745 373 2807 κολακευτικιδς.
404 2748 439 2798 Κ.

1 2893 2 2902 ρ
138 2836 171 2886 Α.
190 2837 233 2886 1⁰.
262 2824 304 2903 ἦν
327 2855 384 2890 τοι
406 2831 575 2891 ἐνεύδειν.
604 2828 638 2904 ἦν
662 2834 746 2899 νάκος
768 2829 836 2891 &m
854 2831 954 2906 τύδειν,

1 2917 2 2920 ’
63 2916 152 2990 ἤγουν
171 2916 366 2977 άναποιύισδαι
384 2919 413 2979 ἐν
432 2922 515 2998 αύτῷ.
543 2956 567 2968 -
596 2928 626 2977 Β.
651 2918 735 2992 ἤμουν
754 2921 867 2994 δέρματι
885 2926 956 2982 διότι

65 3029 91 3062 τι
109 3007 199 3077 δέρμα
216 3025 263 3076 μοι
282 3005 433 3078 ἐχαρίσατο.
493 3005 504 3020 “

135 3102 167 3152 Α.
189 3099 232 3150 1³.
251 3099 406 3154 λοίσθια.
426 3097 644 3170 ίπιβδηματικοδς
663 3096 784 3156 άντίτού
796 3105 955 3159 τελευταῖον.

134 3183 151 3222 *
168 3189 211 3240 14.
231 3180 369 3242 άκτιον.
391 3189 448 3244 Τὸν
462 3186 506 3242 ἐπί
524 3195 580 3251 τοῖς
598 3185 694 3252 άκταῖς
712 3187 905 3257 πορευόμενον.
925 3193 952 3246 G.

136 3277 164 3326 Β.
183 3279 227 3328 15.
254 3266 272 3342 ἢ
296 3275 386 3329 κατὰ
411 3275 537 3344 τήνας.
563 3275 717 3344 γράφουσιν
735 3273 804 3330 αύτό
822 3295 891 3341 τινες
909 3279 954 3332 καί

70 3363 105 3426 ἧ,
126 3356 159 3413 λύ’
178 3349 195 3432 ᾖ
215 3357 264 3416 ούκ
284 3359 381 3434 ἔλαβον
404 3360 491 3434 αὐτὴν
509 3358 526 3433 ἢ
546 3365 571 3420 εί
588 3361 702 3434 ἀφεῖλον
721 3367 892 3435 φθαροίμην.
926 3399 950 3411 -
