2556 3824
350 288 383 338 ³6

420 424 437 463 *
457 429 499 480 33.
522 422 675 494 γράσεοι.
704 417 763 494 ἤτοι
776 421 874 491 στήλας
885 416 963 490 ἡμῶν
975 416 1130 489 ἀμφότεροι
1141 419 1234 486 χρυσᾶς

349 512 511 583 ἐποιήσαμεν
529 513 575 568 καί
593 509 751 580 άνεθέμεθα
769 511 803 582 τῇ
821 507 979 580 Ἀφροδίτῃ.
1007 513 1036 562 λ..

420 601 436 640 *
453 607 496 658 35.
520 599 689 670 Ἀμύκλαι.
708 595 780 662 εἶδος
797 595 975 668 ὑποθήματος
992 592 1137 664 Ἀμυκλῶν,
1152 589 1234 660 ῶσπερ
1267 649 1268 654 η

349 693 379 748 αλ
396 695 563 760 καρπατῖναι
587 691 690 758 Καρῶν
707 689 754 744 καί
772 689 801 743 αλ
819 685 948 742 σκυθικαί
968 685 1099 742 Σκυθῶν.
1125 687 1157 738 N.

420 778 497 834 *36.
530 775 751 847 άστράγαλοι.
777 772 862 846 ἤγουν
880 775 1049 842 λευκότατον,
1079 771 1236 842 ἐπιτήδειοι.

349 872 438 939 σχῆμα
457 867 561 937 ἔχοντες
579 864 757 936 ἀστραγάλων
774 861 858 935 ἤγουν
877 863 1040 935 βηκταρίιον.
1067 868 1099 917 L.

421 963 451 1012 B.
461 961 503 1010 ³7,
532 955 673 1024 τράχνα.
692 955 794 1026 βοτάνη
807 975 847 1018 τις
859 955 959 1016 λκανῶς
970 950 1079 1022 μαλακὴ
1092 950 1138 1005 καί
1147 948 1236 1016 λεπτή.

350 1044 403 1101 ἐστί
422 1043 452 1100 δὲ
470 1038 505 1114 ἣν
523 1045 549 1098 ολ
567 1043 654 1098 κοινοί
677 1041 776 1112 άγρίαυ
800 1043 952 1112 μαζιζῶνην
978 1042 1049 1110 φασί
1074 1058 1081 1074 ·
1109 1035 1236 1109 ἐξεβλήθη

351 1132 382 1190 δὲ
400 1134 432 1190 τὸ
451 1123 484 1189 οὗ
503 1133 550 1187 διὰ
569 1132 600 1186 τό
618 1129 725 1200 μέτρον.

421 1228 450 1275 Β.
469 1227 512 1277 38.
536 1219 621 1276 καλά
630 1241 655 1285 ς.
669 1223 753 1289 γελῶν
767 1217 866 1282 αὐτοῦ,
880 1220 967 1282 καλάς
979 1215 1133 1290 ρι’ὃάςλὲγει
1146 1219 1236 1278 ποιεῖν,

350 1309 408 1366 ἐπεί
420 1309 548 1379 ἐρωτικὸν
564 1305 639 1382 ᾅδει,
659 1307 771 1378 ἐργάτης
790 1305 846 1362 ῶν·
866 1309 909 1364 διὸ
928 1305 1033 1366 καίεο
1048 1300 1139 1373 ὄνομα
1158 1299 1237 1358 αὑτοῦ

351 1398 498 1469 συγκέκοφε
516 1400 617 1469 βοῶκον
635 1394 846 1466 ὑποκοριστικῶς
864 1393 926 1452 άντλ
942 1397 1022 1450 ναίον
1042 1394 1138 1450 είπῶν.

422 1487 500 1542 *39.
538 1483 581 1550 ῶς
607 1477 641 1541 εὖ
665 1487 726 1540 τάν
751 1485 865 1541 ἰδέαν.
898 1485 997 1548 ἱκανῶς
1015 1485 1069 1552 τὴν
1088 1483 1238 1554 τραγῳδίαν
1267 1479 1268 1512 3

352 1576 458 1647 ἐποίησε
476 1575 520 1630 καί
532 1572 656 1644 ’ἀρίστας
675 1571 761 1644 αὐτὴν
774 1569 905 1644 ἥρμοσεν,
926 1569 944 1643 ἢ
957 1569 1055 1642 ἄριστοι
1068 1574 1119 1630 τοῶ
1131 1573 1239 1630 κάλλους
1267 1559 1268 1572 ’

352 1663 514 1734 ἐστοχάσατο
533 1665 583 1732 τῆς
601 1661 743 1732 ἐρωμένης.
770 1669 801 1718 L.

423 1760 454 1807 Α.
473 1758 518 1808 41.
551 1753 682 1806 θᾶσαι·
701 1748 717 1807 ὁ
735 1751 813 1820 λόγος
830 1749 860 1807 ἐκ
877 1753 927 1806 τοῦ
944 1752 1096 1822 βουκαίου·
1127 1747 1239 1804 δυνατὸν

352 1841 381 1898 δὲ
401 1841 447 1896 καί
465 1840 516 1896 τὸν
536 1837 628 1908 ἕτερον
644 1841 731 1894 ’ταῦτα
749 1837 850 1910 λέγειν·
875 1837 890 1895 ὁ
909 1837 940 1895 δέ
957 1841 1108 1909 Λυτίερσας
1126 1836 1239 1904 κῶμιδοε

351 1930 439 1994 νόθος
454 1935 533 1993 παῖς.
551 1927 669 1998 γεωργὸς
687 1926 717 1984 δὲ
736 1923 775 1984 ῶν
793 1928 856 1992 τοὺς
874 1927 1013 1997 πορόντας
1030 1929 1154 1996 θερίζειν
1166 1921 1238 1995 ἠνάγ-

352 2023 415 2086 καζε
440 2019 485 2073 καλ
513 2019 584 2076 κατά
610 2017 662 2087 τὴν
688 2015 804 2086 ἑσπέραν
829 2016 995 2085 συναπέτεμε
1013 2023 1072 2080 τοῖς
1092 2017 1239 2082 δράγμασιι

353 2104 505 2170 αὖτῶντάς
524 2106 663 2177 κεφαλάς·
693 2100 725 2160 ὃν
747 2101 762 2160 ὁ
787 2102 920 2175 Ἡρακλῆς
944 2100 1056 2173 ὕστερον
1080 2103 1188 2160 ἔκτεινε.
1216 2133 1235 2144 -
1267 2117 1268 2144 ι

353 2203 382 2250 Β.
409 2195 511 2252 θέασαι
537 2196 583 2250 καὶ
612 2189 746 2250 άκουσον·
775 2191 828 2249 ἐστὶ
855 2199 887 2250 τὸ
915 2196 1003 2264 σγῆμοι
1027 2194 1160 2263 αἴσθησις
1188 2187 1240 2244 α’ντί

353 2284 515 2354 αἰσθήσεως.

425 2379 453 2426 Β.
471 2377 514 2428 4&
549 2369 689 2442 ἐκφεύγειν
712 2362 761 2428 οὖν
783 2375 834 2442 γρὴ
859 2373 908 2428 τὸν
931 2372 1116 2444 μεσημβρινόν
1142 2370 1241 2440 (φησιν)

352 2457 442 2518 ῶπνου
460 2456 614 2524 άλοῶντοις·
644 2457 772 2528 άμῶντας
793 2457 900 2518 άπνοῦν
923 2459 971 2528 μὶν
990 2459 1019 2515 ἐν
1037 2459 1116 2534 αὐτῷ
1148 2462 1242 2528 (πίπτει

352 2551 406 2620 γάρ
430 2545 445 2604 ὁ
470 2548 569 2616 στάχυς
591 2543 645 2603 άπὸ
672 2550 720 2603 τοῦ
744 2545 820 2618 ἡλίου
839 2549 1033 2618 φλεγόμενος)·
1062 2545 1202 2619 ἄρχεσθαι
1220 2544 1243 2600 δὲ

353 2637 427 2711 άμᾷν
445 2633 595 2706 άρχομένης
612 2633 714 2707 ἡμέρας
732 2631 777 2692 ὅτε
795 2634 811 2693 o‘
828 2638 979 2707 κορυδαλὸς
998 2637 1140 2707 ἐγείρεται,
1162 2635 1179 2694 ὁ
1196 2655 1243 2690 κοι-

353 2729 408 2790 νῶς
424 2727 554 2789 πίτυλος,
578 2726 623 2780 καί
645 2726 734 2796 λήγειν
752 2729 802 2782 τοῦ
819 2725 903 2796 ἔργου.
917 2721 961 2784 ὅτε
978 2726 1059 2782 πάλιν
1080 2720 1166 2791 οὗτος
1185 2722 1244 2781 ὑπο·

353 2813 460 2886 στρέφει
478 2814 548 2884 πρὸς
566 2815 665 2885 κοίτην.
695 2849 719 2859 -
750 2817 782 2868 Α.
806 2815 843 2871 τό
860 2806 1102 2888 μεσημβρινῶν
1122 2815 1184 2872 άντλ
1203 2815 1245 2868 τοῦ

353 2905 391 2974 μὴ
409 2901 438 2959 ἐν
455 2905 607 2978 μεσημβρίᾳ
624 2903 784 2973 καθεύδειν,
805 2901 861 2959 ἀλλ’
879 2903 1001 2973 ἐνεργεῖν.
1119 2893 1131 2906 ’

425 2998 457 3048 Α.
476 2999 519 3048 50.
557 2994 768 3062 Κορυδαλῶ.
798 2989 830 3048 Ὁ
855 2993 908 3062 γάρ
934 2992 1085 3061 κορυδαλός
1115 2997 1190 3048 κατὰ
1218 2991 1242 3042 τὸ

354 3080 508 3153 άμφίλυκον
536 3083 645 3137 ίπταται
676 3080 705 3137 ἐν
735 3084 872 3154 διανομῇ·
902 3083 945 3136 δεῖ
973 3071 1036 3150 οὖν,
1068 3085 1155 3151 φησί,
1189 3079 1246 3139 τοὺς

354 3169 494 3235 άλοῶντας
513 3168 542 3226 ἐν
560 3172 710 3245 μεσημβρίᾳ
729 3167 814 3244 άλοᾷυ
832 3171 879 3225 διὰ
897 3171 928 3224 τὸ
948 3167 1105 3239 ἐπιτήδειον
1119 3168 1245 3226 εἶναιτῶν

353 3259 466 3330 καιρόν·
496 3259 559 3323 τοὺς
585 3258 615 3315 δὲ
639 3257 765 3328 άμῶντας
789 3255 850 3329 άρτι
873 3257 1080 3329 λευκαινομένης
1107 3261 1161 3329 τῆς
1186 3255 1246 3328 ηόῦε

354 3345 487 3420 ἄρχεσθαι
513 3350 562 3428 τοῦ
588 3345 693 3419 άμητοῶ
704 3386 796 3406 ......
832 3349 881 3419 γῆς
906 3349 1048 3412 κλίνοντος
1075 3347 1109 3404 τὸ
1141 3349 1244 3413 καῦμα·
