2556 3824
309 273 345 322 46

380 415 423 464 ὄλ.
461 401 557 477 ίίνερ.
585 410 665 464 τοῦτο
685 406 754 476 πρός
771 427 831 462 τινα
849 409 904 461 τόν
924 403 1120 478 ἐπιβεβηκότων
1137 409 1195 466 τοῖς

310 501 405 563 ἵπποις
423 499 506 567 φησίν
524 495 554 553 έν
571 499 610 570 τῷ
627 496 735 566 πλήθει.

380 585 459 643 *58.
494 586 642 655 ψυχρόν.
671 581 757 656 ήγουν
784 583 910 657 ίοβόλον·
946 581 1116 652 ψυχρότητος
1143 583 1196 650 γὰρ

311 673 450 745 ποιητικός
467 671 484 731 ό
503 676 611 738 ἰὸςτοό
630 670 730 745 ὄφεως.
768 677 797 728 Ε.

380 762 397 797 *
416 769 460 819 59.
492 761 639 834 ἐπιρρεῖ.
653 765 732 833 δίκην
745 761 888 833 ῥευμάτων
899 761 996 830 συχνὸς
1007 757 1153 828 ἐπέρχεται.
1167 763 1197 812 Ε.

381 852 460 908 *72
498 849 549 909 έπ’
568 850 656 921 ἐμίν.
699 851 835 908 τουτέστιν
870 848 921 906 οόιι
951 848 981 916 ἐξ
1010 850 1099 912 αἰτίοις
1130 845 1197 914 ἐμοῦ

310 941 427 1010 ἔσχισται
443 944 475 997 τὸ
495 940 604 1010 ίμοίτιόν
621 958 678 997 σου.
714 945 744 996 Ε.

381 1029 398 1066 *
417 1035 461 1085 73.
498 1028 589 1100 ρόες.
607 1029 706 1098 ρόωιιες
723 1031 794 1084 κατὰ
812 1026 965 1099 α’ποιιοπήν.
1002 1033 1032 1084 Ε.

380 1118 458 1174 ³⁸77.
495 1114 511 1172 ό
538 1117 601 1172 τόν
626 1119 721 1175 ννόν.
749 1119 890 1187 Παροιμία
915 1116 1004 1173 ίστίν·
1032 1117 1137 1185 είρηται
1168 1113 1197 1168 δὲ

310 1205 376 1264 οίπόι
383 1227 456 1271 τινος
474 1208 596 1276 νυμφίου
614 1207 745 1280 λαβόντος
766 1206 816 1278 τήν
833 1207 948 1278 νύμφην
966 1207 1013 1262 ιιαλ
1030 1203 1199 1269 είςελθόντος

309 1299 346 1360 εἰς
364 1297 411 1351 τόν
423 1296 556 1374 Ιίλιίλαμον
570 1295 615 1350 καί
626 1297 779 1360 νλείσαντος
792 1293 892 1352 αὐτόν·
910 1298 991 1351 τοῦτο
1003 1296 1057 1364 γὰρ
1068 1293 1195 1362 ποιήσας,

309 1391 367 1449 τοῖς
384 1383 461 1448 έκτός
480 1383 548 1453 ἔφη·
568 1386 704 1439 Κόλλιστα
722 1381 786 1455 ἡμῖν
803 1386 906 1440 πάντα.
943 1391 973 1442 Ν.

382 1473 461 1528 ³⁸86.
498 1475 715 1542 τριφίλατος.
746 1467 834 1541 ὅσπερ
861 1471 904 1528 έπί
932 1475 982 1528 τοῦ
1005 1469 1199 1540 τριςμέγιστος,

312 1563 358 1618 ιιαί
376 1560 604 1631 τριςιιατοὶροιτος,
632 1562 678 1616 καί
702 1561 896 1630 τριςαριοτεός,
922 1561 969 1616 καί
987 1562 1093 1616 πολλῶν
1112 1554 1202 1614 ἄλλων

311 1650 460 1718 τοιοότων,
485 1651 516 1705 τὸ
534 1651 619 1720 τρίς
637 1646 687 1718 σόη
704 1645 859 1719 ω’ρισμένως
884 1646 941 1705 σίπὸ
959 1651 1009 1705 τοῦ
1026 1651 1113 1718 τρία
1132 1648 1202 1717 λίνε-

312 1754 374 1806 ται;
391 1735 445 1794 ἀλλ’
465 1736 592 1806 ἀόριστον
609 1740 718 1809 πλῆθος
735 1741 876 1808 σημαίνει,
904 1734 975 1795 οὕτω
994 1739 1041 1793 καί
1058 1737 1090 1792 τὸ
1110 1739 1201 1805 τριφί·

313 1836 403 1898 λητος,
424 1825 486 1881 οίντί
503 1828 553 1881 τοῦ
569 1817 768 1896 παμφίλτατος.
805 1833 835 1883 Ε.
905 1841 911 1862 “

383 1916 454 1971 ’¹²89-
475 1918 535 1984 μᾶ.
555 1913 734 1986 ἀγανάκτησις
745 1918 821 1985 παρὰ
837 1919 1034 1985 Συρακουσίοις
1045 1916 1076 1970 τό
1091 1917 1154 1968 Μόι.
1174 1921 1202 1969 Ι..
1261 1911 1262 1922 ’

385 2005 402 2044 *
421 2011 464 2058 92,
501 2008 798 2060 πελοποννασιστέ.
824 2002 882 2060 έπεί
900 2004 930 2059 δὲ
949 2005 994 2058 καί
1013 2003 1157 2071 Κόρινθος
1176 2001 1203 2057 έν

315 2094 529 2166 Πελοποννήσῳ,
549 2093 596 2148 διὰ
613 2092 696 2150 τοῦτό
716 2110 798 2164 φησι·
825 2097 898 2148 Πολ.
918 2095 1097 2161 λαλεόμες,
1115 2088 1202 2162 ἤγουν

315 2186 446 2251 διορικιός.
482 2188 514 2240 Ν.
828 2249 833 2258 .

387 2271 403 2308 *
416 2276 459 2328 94.
488 2274 524 2325 Μ
527 2274 700 2335 ελιτώδες·
720 2271 865 2341 Μελιτοόὸη
878 2270 928 2342 τήν
941 2271 1121 2340 Περσεφόνην
1134 2269 1203 2342 φησί

313 2361 382 2417 τατόι
411 2358 591 2431 όντίφρασιν,
617 2362 664 2415 διὰ
681 2360 714 2415 τό
732 2361 840 2429 πικρίας
857 2363 961 2428 μᾶλλον
979 2357 1050 2416 εἶναι
1066 2359 1203 2427 πρόξενον

312 2457 369 2513 τοῖς
387 2447 605 2519 ἀποθνήσκουσι.
622 2451 795 2518 τατοιχθονία
812 2451 865 2519 γὰρ
883 2445 901 2519 ἡ
921 2449 1100 2523 Περσεφόνη·
1118 2449 1203 2519 φησίν

312 2529 375 2607 οόν,
406 2528 428 2592 οό
458 2542 550 2607 Περα,
577 2534 594 2606 ή
618 2539 651 2609 τῇ
678 2538 757 2608 φύσει
783 2537 944 2608 μελιτώδης,
974 2539 1070 2608 μηδείς
1096 2535 1203 2606 γένοιτο

312 2625 391 2697 ήμῶν
404 2623 489 2689 Ιι’ίλλος
506 2625 613 2697 κόρισς,
632 2620 699 2682 ιόστε
717 2627 844 2696 δηλονότι
861 2629 899 2696 μή
918 2625 967 2701 έᾷν
984 2623 1058 2696 ήμᾶς
1075 2627 1111 2680 τὰ
1130 2626 1203 2680 κατὰ

313 2715 440 2786 βούλησιν
458 2712 541 2784 λέγειν
559 2709 577 2784 ή
596 2721 693 2770 ποιεῖν.
728 2721 772 2773 Ν..

383 2803 461 2858 ³²05.
486 2801 684 2874 οίπομιίξης,
703 2800 915 2876 ἀποσπογνίσης,
935 2801 1021 2875 ήνονν
1034 2800 1143 2874 ἅψεται.
1165 2809 1202 2858 Μ.

385 2890 401 2928 *
421 2898 484 2946 103.
514 2895 780 2961 μαλακαίποδας
798 2892 852 2964 ἔφη
870 2891 920 2958 τὰς
937 2889 1027 2963 όίριις,
1047 2893 1144 2950 διὰτὸ
1165 2913 1202 2962 μη

312 2977 444 3050 ίξαίφνης
467 2981 518 3046 τὰς
539 2981 690 3051 ποιότητας
713 2979 890 3056 α’μείβεσθαι,
917 2981 985 3038 om&
1009 2981 1203 3054 σχολαιοτέρας

313 3069 358 3124 καί
376 3069 423 3124 διὰ
440 3071 601 3141 μεσοτήτων.
621 3076 650 3125 Ε.
671 3070 771 3126 ....έιι
788 3075 838 3128 τοῦ
855 3067 941 3146 ᾅδου·
959 3073 1009 3143 τήν
1027 3072 1079 3141 γὰρ
1097 3071 1203 3141 μητέρα

314 3162 459 3230 Βερενίκην
476 3160 521 3214 καί
540 3161 589 3216 τόν
607 3160 710 3230 πατέρα
731 3165 901 3230 Πτολεμαῖον
919 3160 1067 3217 ἀπεθέωσε.
1089 3167 1118 3217 C.
1132 3165 1202 3216 Gen.

312 3251 452 3316 μαλακοὺς
478 3247 508 3304 δέ
535 3267 601 3319 φησι
623 3253 688 3314 τοὺς
711 3251 800 3314 πόδας
825 3250 894 3320 ἔχειν
917 3250 966 3314 τὰς
989 3246 1076 3320 όόρας,
1102 3245 1146 3306 ότι
1172 3251 1202 3304 τό

313 3338 360 3410 έαρ
379 3341 504 3408 μαλακόν
531 3341 567 3404 εἰς
585 3343 616 3396 τὸ
636 3341 803 3411 πορεύεσθαι
827 3342 891 3406 τούς
917 3339 1086 3410 οἷνθροόπους
1103 3340 1150 3395 καί
1170 3337 1202 3395 ον’
