2556 3824
331 278 366 332 18

402 421 482 478 *89
514 423 649 495 βάλλει.
682 427 720 482 Τό
747 425 825 498 ἑξῆς·
852 429 942 501 βάλλει
968 433 1014 488 καί
1037 433 1087 490 τόν
1110 433 1219 492 αίπόλον

331 509 427 579 μήλοις
446 507 463 580 ἡ
482 515 532 567 τοῦ
550 516 716 582 ίίλεαρίοτου
733 516 874 588 θυγάτηρ,
894 516 977 589 ἤγουν
995 518 1013 592 ἡ
1030 519 1165 592 Ἀλκίππη.
1188 529 1219 578 Υ.

398 597 471 654 *91,.
491 598 660 668 έκμαίνει.
681 603 817 659 τουτέστιν
836 603 1008 664 άνάπτεσθαι
1025 617 1100 666 ποιεῖ
1113 631 1145 680 με
1162 608 1216 667 όπό

327 689 378 742 τοῦ
392 685 500 757 ἔρωτος.
519 693 550 745 1..
569 687 598 744 έκ
616 693 666 760 τῆς
684 689 833 761 ἐπιθυμίας
852 691 889 758 άς
906 698 1073 765 μαινόμενον
1090 706 1168 755 ποιεῖ.
1183 705 1217 754 Κ.

401 776 480 833 *92
511 779 743 852 κυνόςβατος,
770 778 843 845 aldae
865 783 984 855 βοτάνης
1007 780 1025 854 ἢ
1048 789 1112 851 τοὺς
1134 787 1219 850 κόνας

327 869 465 939 παρορμᾷ.
490 872 524 922 Κ.
549 897 575 908 -
599 866 774 938 άνεμοένα.
794 867 811 941 ἡ
830 874 955 941 λαγωνίς.
983 878 1013 927 L.
1040 872 1179 945 άνεμοόυη,
1200 873 1218 944 ἡ

326 956 426 1017 κοινάς
443 953 571 1028 λεγομένη
590 957 789 1022 κουτζοννάθα.
815 963 849 1014 Κ.

396 1046 429 1095 Α.
459 1047 502 1097 93.
544 1037 681 1112 ἄνδηρα
707 1042 810 1112 λέγεται
836 1047 873 1098 τὰ
899 1049 971 1114 χείλη
997 1052 1047 1104 τοῦ
1074 1053 1216 1120 ποταμοῦ,

325 1127 453 1184 ἐνταῦθα
471 1126 500 1184 δέ
520 1131 550 1184 αλ
567 1130 694 1197 κάλυκες,
714 1126 798 1198 ἤγουν
816 1131 852 1186 τόι
870 1127 956 1202 άνθη.

393 1224 426 1273 Α.
453 1223 495 1274 90.
532 1214 713 1290 άρκευθός
731 1216 801 1272 ἔστιν
818 1215 836 1288 ἡ
854 1219 983 1290 λεγομένη
995 1219 1180 1288 όξνακανθέα.

395 1311 425 1361 B.
444 1312 488 1362 98.
511 1303 652 1362 όττπόκοι
669 1307 793 1372 πλεξά.
811 1304 941 1362 ἐντεῦθεν
959 1305 1070 1364 όππόκα
1088 1307 1217 1367 ἐτίθεσαν

325 1393 387 1450 άντλ
405 1397 455 1450 τοῦ
475 1393 554 1460 ξέειν.

396 1489 428 1538 Α.
447 1490 508 1538 100.
535 1481 623 1544 σίττ’
644 1481 711 1538 άπὸ
737 1486 797 1547 τᾶς
821 1485 976 1540 κοτίνου.
1005 1482 1139 1553 α’ττόστητε
1156 1481 1213 1538 άπὸ

322 1575 370 1642 τῆς
388 1569 562 1642 άγριελαίας·
589 1575 621 1628 τὸ
650 1573 747 1628 οίττα
774 1571 825 1642 ἔχει
849 1572 900 1641 τὴν
925 1571 1044 1640 δύναμιν
1061 1575 1110 1628 τοῦ
1129 1569 1215 1626 άπό-

322 1676 435 1730 οτητε.

393 1748 409 1785 *
428 1756 489 1805 102.
518 1747 578 1805 οόκ
598 1746 677 1804 άπό.
695 1748 748 1818 έγει
767 1745 856 1814 οὕτως
873 1747 892 1820 ή
910 1751 1050 1817 σύνταξις·
1070 1740 1093 1802 οό
1111 1740 1218 1812 οὗτος

322 1837 367 1892 καί
385 1838 418 1900 σὺ
437 1835 452 1894 ό
471 1843 506 1894 Κ.
526 1840 571 1894 καί
589 1834 606 1909 ἡ
626 1843 702 1907 Ῑίιν.,
728 1836 779 1894 οὐκ
803 1836 860 1895 άπὸ
883 1841 931 1908 τῆς
954 1840 1037 1908 δρυός
1060 1837 1216 1907 γενήσεσθε,

322 1927 438 1982 τουτελ
455 1929 501 1983 καί
520 1925 644 1983 ἐνταῦθα
666 1927 799 2000 βόσκεσθε
822 1928 892 1998 πρός
914 1929 965 1992 τὰς
988 1924 1138 1994 άνατολάς,
1167 1924 1217 1989 οἱς

321 2016 368 2070 καλ
386 2011 457 2072 ὅπου
476 2013 549 2071 ἐστίν
567 2013 582 2072 ό
603 2016 747 2086 φάλαρος;
776 2021 809 2082 Q.

392 2103 488 2160 *10³.
528 2103 690 2174 Φάλαρος
715 2101 731 2159 ό
756 2103 908 2174 φολιδωτός
929 2102 1023 2172 κριός,
1051 2099 1069 2172 ἢ
1091 2105 1123 2158 τὸ
1148 2098 1218 2170 ὄρος

320 2195 368 2262 τῆς
386 2190 511 2256 Ἰταλίας.
537 2198 566 2246 L.

393 2280 488 2336 *100
525 2281 651 2350 γαυλός
681 2278 834 2351 ὀξυτόνως,
872 2278 981 2350 άγγεῖον
1008 2281 1168 2349 ποιμενικὸν
1199 2275 1217 2336 ὃ

321 2369 429 2438 δέχεται
445 2371 477 2424 τὸ
497 2368 583 2438 γάλα·
612 2371 712 2440 γαῦλος
736 2367 766 2425 δέ
788 2368 1047 2439 προπεριοπάμενον
1071 2365 1086 2424 ό
1111 2367 1218 2424 εάαπά-

322 2478 415 2527 τητος,
435 2453 453 2528 ἢ
473 2456 568 2513 πλοῖόν
586 2479 612 2512 τι
630 2459 771 2528 φορτηγὸν
789 2458 955 2528 φοινικικόν,
976 2454 993 2527 ἢ
1012 2453 1119 2522 άκατος.
1143 2463 1176 2514 Ν.

392 2546 489 2603 *105·
518 2545 748 2618 Πραξιτέλους
771 2578 805 2587 -
831 2552 907 2612 λονς·
935 2539 1016 2611 οότος
1040 2545 1217 2616 ἑρμογλύφος

321 2629 355 2704 ἦν
374 2631 491 2704 άριοτος.
519 2640 558 2692 Μ.

393 2729 422 2776 Β.
439 2728 499 2779 106.
528 2723 639 2787 λόκιος
662 2719 774 2793 ἄγγει.
801 2725 865 2794 νικᾷ
889 2725 936 2780 καλ
962 2723 1061 2793 βεγγεῖν
1085 2730 1160 2778 ποιεῖ
1186 2723 1217 2779 έν

321 2813 354 2882 τῇ
374 2813 503 2882 φροντίδι
520 2814 570 2867 τοῦ
590 2811 735 2881 φυλάσσειν
752 2813 788 2866 τὰ
806 2810 967 2880 θρέμματα·
987 2815 1064 2870 δοκεῖ
1079 2810 1110 2866 δέ
1122 2808 1217 2880 ὄνομα

321 2898 392 2956 εἶναι
409 2901 500 2966 κυνός.

393 2995 500 3046 Α.107.
521 2991 657 3059 δίδωμι.
676 2987 777 3045 ’ίστέον
789 2983 832 3046 ὅτι
851 2992 977 3058 δίδωμι
995 2988 1063 3059 λέγει
1081 2987 1143 3044 άντί
1163 2995 1218 3046 τοῦ

321 3080 440 3134 δάσω·
461 3076 506 3134 έπὶ
523 3078 576 3148 γάρ
595 3081 649 3133 τῶν
668 3076 869 3151 άναμφιβόλοον
887 3075 1053 3148 όποσγέσεων
1072 3077 1219 3143 ένεοττότες

321 3171 365 3224 καὶ
385 3168 605 3238 παρεληλυθότες
624 3165 687 3223 άντὶ
706 3170 756 3222 τοῦ
775 3168 917 3236 μέλλοντος
935 3172 1067 3224 τίθενται.

391 3257 408 3294 *
428 3263 488 3313 109.
526 3249 571 3329 άβ
578 3277 625 3326 αι,
655 3258 791 3326 πέπειροι,
813 3249 925 3326 άριμοι,
945 3255 1052 3325 ἕτοιμαι
1072 3259 1142 3327 πρὸς
1162 3262 1218 3328 τὴν

319 3347 426 3419 τρυγήν.
460 3353 489 3401 L.
