2556 3824
327 281 360 330 12

394 423 423 473 B.
444 423 486 474 32.
521 423 743 496 παραιβάτης
771 431 842 491 [niel.
866 424 885 498 ἢ
912 423 999 500 ὄνομα
1022 431 1134 502 κύριον,
1159 428 1209 504 ἢῆ

322 508 482 576 πᾱρῡδέτιε,
500 504 519 578 ἢ
536 511 781 584 παραπορευομένη
798 516 866 580 θεδς
882 511 902 587 ἢ
919 515 1015 587 ἔριδος.

397 599 472 650 ⁸33.
506 595 678 668 ἔγκειμαι.
704 604 741 675 τῷ
761 605 799 676 σῷ
816 605 896 674 ἔρωτι
914 609 1006 666 διόλου
1025 608 1150 679 έμμένω·
1178 611 1211 666 οδ

323 681 352 737 δέ
372 681 502 752 οόδεμίαν
520 689 656 754 φροντίδα
676 686 743 758 έμοδ
761 694 834 762 ποιῇ.
855 697 893 748 Μ.

397 775 474 828 *δδ
506 771 577 830 έπελ
598 776 637 832 τό
654 797 728 846 μοι.
755 779 824 835 διότι
847 781 880 838 σδ
897 785 967 851 πρὸς
984 783 1030 853 έμλ
1047 783 1154 859 ἀκκίζη,
1179 787 1211 844 τδ

321 861 418 923 κοινάς
435 863 580 935 καναγίζη.
613 869 642 918 Ρ.

390 953 421 1002 Α.
452 952 495 1003 λθ.
529 947 730 1022 Ἱππομένης
754 949 816 1010 όκα
844 957 885 1026 δὴ
909 960 972 1012 τάν
994 977 1029 1013 π.
1065 959 1214 1019 Ἐντεῦθεν

320 1030 430 1104 άργεται
450 1039 499 1106 τῆς
517 1035 609 1111 φ’δῆς.
639 1033 729 1107 ὄνομα
751 1041 846 1107 κόριόν
870 1042 940 1112 ἐστι,
965 1054 1088 1115 σημαίνει
1109 1047 1140 1107 δέ
1163 1057 1214 1107 τδν

320 1123 441 1192 μεγάλως
462 1127 635 1196 μαινόμενον.
668 1161 691 1172 -
720 1133 751 1182 Β.
779 1128 909 1200 ἐγκρατὴς
926 1131 1031 1201 ἐγένετο
1051 1133 1215 1208 Ἱππομένης

322 1207 444 1281 όἈρεος
460 1216 509 1285 τῆς
525 1212 685 1285 Ἀταλάντης
702 1219 775 1285 μῆλα
789 1221 875 1286 γρυσά
890 1219 982 1292 λὰβάν
1000 1220 1064 1292 παρ’
1082 1219 1210 1292 Ἀφροδί-

320 1322 368 1370 της
386 1300 416 1358 ἐκ
431 1305 486 1358 τοῖν
503 1300 668 1372 Ἑσπερίδων
684 1304 779 1375 κήπου.
806 1337 828 1350 -

393 1396 421 1448 B.
441 1395 485 1447 42.
505 1389 550 1456 ἀς
568 1389 672 1448 εἶδεν.
692 1387 737 1450 ὅτε
754 1391 825 1450 εἶδεν
843 1396 878 1450 τὰ
895 1398 968 1466 μῆλα
980 1393 1067 1452 αότοό
1083 1394 1204 1464 ἠράσθη.

390 1485 434 1536 42.
472 1477 677 1550 Ἀταλάντη,
712 1478 730 1551 ἡ
763 1483 914 1552 Σχοινέως,
950 1491 1044 1553 ταχεῖα
1071 1481 1134 1545 τοδς
1160 1482 1211 1536 πό-

322 1572 373 1634 δας
395 1560 480 1637 οὖσα,
506 1569 640 1639 προέθετο
658 1570 707 1625 τδν
725 1568 809 1642 αὐτῆς
833 1572 922 1643 γάμον
939 1571 1062 1627 ἔπαθλον
1078 1573 1117 1640 τῷ
1136 1567 1213 1638 νική-

320 1675 398 1713 σαντι
418 1657 539 1727 ταύτην,
566 1658 614 1715 τόν
631 1658 683 1728 γάρ
700 1660 848 1730 νικηθέντα
868 1661 946 1729 λόγος
970 1651 1005 1730 ἦν
1029 1656 1214 1726 ἀναιρεῖσθαι.

319 1744 483 1815 Ἱππομέυης
502 1746 545 1810 δέ,
576 1743 710 1816 ὁἈρεος,
730 1746 819 1814 ἔρωτα
833 1749 934 1817 ταύτης
950 1748 1040 1820 λαβὼν
1055 1747 1102 1802 καλ
1120 1745 1214 1812 σόνερ-

319 1854 369 1905 γον
396 1835 446 1902 τὴν
475 1831 634 1905 Ἀφροδίτην
661 1835 842 1904 κτησάμενος,
877 1837 950 1904 μῆλα
973 1836 1058 1904 χρυσᾶ
1081 1837 1130 1890 τοῦ
1156 1836 1216 1888 τεόν

320 1921 489 1989 Ἑσπερίδων
503 1925 591 1994 κήπου
607 1921 672 1994 παρ’
688 1922 773 1994 αὐτῆς
783 1922 859 1995 ἔλαβε
874 1925 919 1978 καλ
934 1925 983 1979 τὸν
999 1921 1105 1992 δρόμον
1116 1920 1215 1978 άνόων

324 2013 361 2074 είς
379 2012 461 2079 μέσον
479 2011 550 2067 αότά
567 2012 670 2081 έριπτε,
687 2013 731 2067 καλ
749 2015 800 2081 τῆς
807 2010 968 2080 Ἀταλάντης
989 2009 1032 2066 έπλ
1050 2013 1084 2082 τῇ
1097 2014 1216 2081 συλλογῇ

321 2102 377 2154 τόν
398 2100 492 2169 μήλων
514 2099 712 2171 ἀσχολουμένης
734 2102 784 2155 τὸν
802 2099 907 2168 δρόμον
928 2097 1031 2163 ἀνόσως
1054 2097 1137 2163 αότδς
1159 2097 1214 2154 ένί-

323 2205 386 2254 κηοε
406 2189 451 2243 καλ
471 2191 509 2253 είς
526 2196 642 2258 γυναῖκα
659 2187 762 2257 ταύτην
784 2185 940 2257 ἀνηγάγετο.

391 2281 420 2331 Β.
439 2281 480 2330 43.
513 2274 567 2331 X&
585 2277 709 2345 μάντις
728 2273 784 2331 ἀπ’
799 2271 966 2345 Ὀθρυος.
994 2273 1212 2344 ΚαλόΜελάμ-

320 2384 389 2428 πους
406 2355 453 2434 ἦγε
470 2368 523 2434 τὴν
540 2362 662 2433 Ἰφίκλου
680 2363 777 2435 ἀγέλην
797 2368 887 2435 Νηλεῖ
901 2367 938 2428 είς
954 2365 1060 2427 Πάλον,
1082 2365 1127 2418 ἵνα
1143 2359 1215 2434 άγη-

320 2474 366 2507 ται
383 2455 420 2522 τῷ
438 2449 547 2524 ἀδελφῷ
565 2455 615 2522 τῆν
635 2455 724 2523 Πειρά
753 2448 811 2522 ἥτις
833 2450 921 2508 ἔτεκεν
943 2450 1140 2525 Ἀλφεσίροιακ,
1161 2472 1215 2523 μη-

319 2540 384 2610 τέρα
402 2540 587 2607 Μελάμποδος
605 2542 668 2604 ἴσως
683 2539 783 2611 έτέρου.

392 2633 469 2684 ⁸48.
508 2626 590 2697 άτερ
614 2633 778 2699 μασδοῒο.
814 2630 905 2698 Χωρλς
928 2631 977 2686 τοῦ
1000 2629 1088 2697 μάζου
1106 2625 1211 2698 αότῆς,

320 2713 404 2788 ἤγουν
423 2719 478 2772 τοῖν
495 2717 628 2786 στέρνων·
658 2712 731 2774 οὕτω
748 2717 800 2788 γάρ
818 2715 847 2773 έν
862 2719 957 2789 γραφῇ
974 2719 1027 2773 τινλ
1042 2707 1076 2787 ἧν
1094 2716 1213 2788 ἐζωγρα-

321 2804 438 2875 νσμένυ·
464 2811 500 2861 Μ·

392 2901 423 2950 Α.
441 2899 484 2950 5⁰.
511 2891 698 2963 Ἐνδυμίων
716 2895 842 2965 φασί...
873 2892 903 2950 έν
918 2893 1020 2961 Λάτμω
1037 2895 1086 2963 τῆς
1098 2895 1209 2962 Καρίας

322 2978 427 3055 ἀντρῳ·
451 2985 509 3039 οἵδε
527 2985 611 3053 φασίν
628 2982 809 3054 φιλοκύνηγος
825 2977 877 3051 άν,
898 2979 1001 3052 ἡμέρας
1013 2980 1063 3049 μέν
1074 2975 1211 3051 όπκωττε,

321 3071 421 3135 νόκτας
448 3069 479 3126 δέ
502 3075 583 3141 συνῆν
604 3074 637 3143 τῇ
658 3070 779 3142 Σελήνη.
803 3105 826 3116 -
856 3069 1033 3140 [Ἰασίωνα]
1061 3066 1210 3140 έρασθείση

321 3155 395 3230 ου’τῷ
406 3158 518 3234 κειμένῳ
529 3163 647 3230 συνῆλθε
660 3158 792 3229 Δημήτηρ
807 3160 854 3215 καλ
871 3159 921 3215 τδν
931 3161 1056 3216 Πλοῦτον
1073 3153 1169 3214 ἔτεκεν.

677 3365 724 3372 -..
734 3365 784 3371 ω..-
792 3364 852 3371 “-
