2556 3824
908 270 942 322 δδ

128 417 144 455 *
163 419 207 472 λλ.
235 411 408 483 αύτοφυᾶ.
434 409 464 466 ἐκ
483 410 591 482 φύσεος
608 401 693 468 ούσαν
710 411 814 485 ῥάβδον
832 412 877 470 καί
896 409 945 468 ούκ

52 508 83 564 ἐκ
100 505 197 577 τέχνης
213 503 296 566 τινός.
322 506 359 559 Μ.

126 600 156 650 Β.
176 599 219 648 27.
245 588 499 660 ίκοιιιαγήσατοΙ
528 587 633 659 ἐγέλασε
650 590 743 660 γαρίεν
767 586 809 646 δαί
833 593 872 664 τῷ
896 593 944 646 τού

53 685 152 754 κόγλου
166 679 305 752 ύστροίκφ·
323 681 423 735 κλείων
436 678 525 742 δύσις,
538 680 620 749 φησί,
638 680 688 749 τῆς
699 681 830 747 μουσικῆς
841 679 886 734 καί
898 680 946 748 τῆς

54 771 148 848 φ’δῆς·
171 765 233 827 ούτε
251 765 268 825 ύ
285 762 372 832 ύιτνος
389 764 454 838 ἡμῖν
471 767 644 838 γλυκύτερος,
668 765 729 824 ούτε
746 767 779 824 τὸ
797 766 859 838 ἔαρ,
881 762 946 823 ὅσον

55 856 179 930 μουσική.

130 953 161 1002 Α.
181 953 224 1004 ³0.
262 942 376 1018 μηκέτ’
403 941 457 1000 ἐπί
485 944 650 1014 γλώσσας.
681 940 766 1014 ἤγουν
791 945 829 1016 μὴ
855 948 945 1016 σιωπῇ

59 1037 167 1108 κρύκρης
184 1037 235 1104 τὴν
253 1032 342 1108 οίδήν·
366 1031 436 1103 πρὸς
453 1031 556 1090 ἑαυτὸν
572 1031 640 1103 λέγει
658 1036 747 1092 τούτο.
768 1037 828 1104 [τού
843 1040 945 1104 Τρικλι·

62 1127 130 1180 νίου.
149 1128 195 1188 λλ]
216 1118 253 1185 οἱς
269 1118 324 1180 οίτὸ
341 1124 392 1179 τού
410 1119 514 1192 νομέως
531 1117 547 1178 δ
566 1122 644 1193 λόγος
660 1125 732 1194 πρὸς
748 1125 799 1188 τὰς
816 1125 944 1192 Μούσας,

62 1209 153 1284 ἢύιιδ
171 1213 220 1268 τού
237 1214 367 1282 ποιητοῦ·
395 1200 417 1266 ού
441 1213 569 1275 Μούσαι,
596 1215 628 1268 τὸ
642 1209 725 1281 μέλος
742 1215 791 1281 τῆς
809 1208 882 1283 ηδδῆς
899 1214 948 1280 τῆς

58 1299 124 1371 παρ’
140 1297 207 1371 ἡμῖν
230 1298 380 1371 ίκφήνατε,
408 1300 446 1370 μὴ
466 1298 495 1355 δὲ
513 1297 559 1354 ίιιλ
578 1300 626 1369 τῆς
642 1298 760 1370 γλώττης
779 1298 948 1368 φλύκταιναν

56 1391 161 1463 φύσης,
182 1379 333 1446 ύΜούσα·
351 1391 422 1459 πρὸς
435 1388 525 1452 τιοίσας
544 1385 574 1444 δὲ
591 1388 641 1443 τδν
658 1386 738 1458 λόγον
755 1389 947 1458 ποιησάμενος,

53 1483 106 1538 νύν
126 1477 155 1544 ἐς
172 1479 241 1547 μίαν
259 1474 418 1534 ἀπέκτεινεν.
445 1507 481 1518 -
507 1476 524 1515 *
541 1477 677 1547 γράφεται
694 1479 740 1534 καί
757 1472 846 1536 ούτιο·
866 1480 948 1548 φαί-

54 1589 132 1626 νετε
151 1563 282 1631 δὀἰδοίς
304 1565 371 1630 Τιίς
388 1564 467 1622 ποκ’.
481 1567 607 1636 φαίνετε,
626 1574 784 1637 περιφανεῖς
798 1571 906 1624 ποιεῖτε.
924 1573 948 1621 J.

54 1658 195 1729 γράφεται
211 1655 271 1720 καί,
291 1652 370 1724 ἐμίν
388 1654 425 1710 δέ
442 1675 476 1711 τε
493 1658 593 1723 μούσα
611 1657 666 1712 καί
685 1654 761 1730 ρίδοί.
793 1662 818 1714 J,

128 1744 208 1801 ⁴¹³5.
231 1745 366 1816 γράφεται
384 1744 443 1813 καί,
472 1738 514 1809 οἳς
539 1742 598 1813 μὲν
624 1741 746 1815 ὁρῆτε··
766 1747 896 1814 δωρικοδς.
925 1753 948 1800 ί.

132 1841 166 1891 Α.
189 1840 231 1892 δύ.
272 1835 344 1898 Τοὺς
372 1831 403 1889 δ’
425 1828 515 1889 ούτι.
548 1838 606 1904 Τὴν
632 1835 692 1903 περί
720 1837 770 1891 τού
794 1832 949 1900 Ὀδυσσέως

57 1925 184 1991 ἱστορίαν
208 1924 368 1994 αἰνίττεται·
396 1922 444 1979 τὸν
467 1920 516 1990 μὲν
539 1923 590 1993 γὰρ
615 1921 747 1979 Ὀδυσσέα
770 1926 859 1993 σοφὸν
882 1920 950 1980 ὄντα

59 2013 109 2068 καλ
130 2014 192 2074 ταῖς
209 2011 334 2076 Μούσαις
352 2011 516 2082 φιλούμενον
538 2009 587 2068 ούκ
612 2007 760 2082 ίδηλήσατο
783 2015 820 2085 τῷ
839 2009 949 2085 ιιστῷὴ

61 2101 170 2168 Κίρκη·
192 2097 255 2164 τούς
276 2099 367 2169 με’ντοι
393 2097 467 2174 αύτῷ
489 2099 622 2165 συνόντας
643 2096 772 2170 ήδννὴδη
790 2103 949 2173 μεταβαλεῖν

62 2189 101 2252 είς
122 2190 241 2258 ηοίρονς,
270 2186 379 2267 οίφελεῖς
405 2186 522 2260 εδρούσα
545 2190 590 2245 καί
615 2192 738 2254 Μουσῶν
760 2190 791 2246 τὸ
815 2190 949 2258 παροίνιον

59 2275 259 2347 ἐστερημένους.
278 2311 301 2324 -
325 2276 344 2312 ⁴*
363 2273 421 2342 Ούς
439 2276 468 2334 δὲ
484 2276 616 2348 ούδαμύς
634 2275 732 2348 δρῶσι,
761 2277 888 2348 δηλονότι
905 2279 950 2334 καί

60 2364 282 2437 ἐπισκὲκτονται,
303 2368 331 2423 αί
344 2369 473 2437 Μούσαι,
491 2367 606 2431 τούτους
617 2365 765 2438 ἐδηλήσαιο
778 2367 823 2422 καί
835 2365 952 2439 ἔβλαψεν

61 2452 79 2524 ἡ
94 2456 181 2525 Κίρκη
199 2457 291 2529 ιιοτῷ,
309 2455 428 2512 τουτέστι
449 2457 496 2512 διὰ
513 2455 563 2512 τού
581 2458 715 2519 κυκεῶνος
733 2458 782 2512 τοῦ
801 2445 950 2526 φαρμακό-

60 2547 144 2608 δους·
171 2541 304 2616 ἀναφέρει
317 2543 352 2601 ’δὲ
371 2544 420 2601 τὸν
437 2546 518 2616 λόγον
535 2545 604 2614 πρὸς
622 2541 768 2600 Ὀδυσσέα·
794 2537 875 2609 ούτος
899 2547 952 2613 γὰρ

59 2629 155 2702 Ἑρμεῖ
171 2636 209 2708 τῷ
227 2631 321 2708 ἐφδρςο
339 2636 389 2690 τού
407 2633 489 2704 λόγου
508 2635 587 2704 φίλος
604 2632 748 2702 γενόμενος
764 2634 810 2689 καί
827 2633 859 2689 τὸ
877 2636 952 2700 μῶλυ

57 2717 127 2788 παρ’
152 2719 258 2779 ἐκείνου
281 2722 389 2794 λαβοίν,
418 2720 555 2792 οίνοίτερος
576 2723 631 2777 τοδν
654 2724 825 2792 μαγγανειοίν
850 2725 953 2792 Κίρκης

56 2809 174 2881 ἐγένετο,
193 2812 260 2876 τούς
272 2809 297 2867 δ’
309 2809 433 2881 ἑταίρους
446 2809 540 2875 αύτού,
558 2803 682 2881 οίσύφους
694 2806 789 2874 ὄντας,
802 2808 830 2878 ἐξ
843 2807 953 2878 ἀνθρύ-

56 2919 123 2956 πεον
150 2900 187 2962 είς
214 2899 294 2966 ζύοιν.
319 2900 403 2971 φύσιν
428 2899 534 2972 οίλύγων
560 2896 578 2972 ἡ
606 2902 694 2970 Κίρκη
720 2899 889 2971 μετήμειψεν.
907 2885 952 2955 Κ.

57 2993 89 3046 Κ
96 2991 190 3058 ίρκα.
203 2983 234 3058 ἡ
254 2990 357 3062 Κίρκη·
386 2986 456 3062 κύτη
479 2989 690 3061 φαρμακοποιδς
709 2978 743 3058 ἦν
760 2987 843 3058 γυνή,
871 2982 952 3058 ἢκαί

55 3078 127 3141 τούς
145 3074 206 3134 Ὀδ.
227 3075 263 3134 ἔτ.
283 3079 321 3144 είς
337 3082 447 3150 χοίρους
463 3078 613 3152 μετέβαλεν.
644 3082 681 3135 Μ.

422 3263 595 3272 ...η-.-
