2556 3824
912 311 945 361 53

126 459 169 510 5³.
196 447 277 517 όπως
297 448 326 519 ἐξ
343 448 519 520 όποστροφῆε
537 446 552 506 ὁ
571 445 650 522 ὄλβος
667 451 705 513 είς
723 449 787 512 τοὺς
806 447 835 504 έκ
852 447 947 518 γένους

61 537 129 611 ἔλθη.

124 635 167 685 56.
202 628 377 698 νεοίμεθα.
406 622 464 696 ἅμα
492 625 587 700 όρθρφ
609 628 655 682 καί
681 623 758 697 ἡμεῖς
781 623 947 692 ἐλευσόμεθα

59 709 119 770 όταν
137 715 153 772 ό
172 715 334 784 ολλεκτρυσόν
352 712 412 788 ᾄσῃ.
838 723 845 728 “

122 897 212 948 xxn.
233 897 282 947 41.
301 891 533 960 Κυπάρισσον.
559 893 615 946 Τοῦ
638 892 799 960 Τρικλινίον.
818 889 944 958 κνποίρισ·

58 997 109 1047 σος,
134 979 174 1046 ιός
198 980 264 1050 ίμολ
286 983 376 1049 δοκεῖ,
404 977 526 1037 ἀπὸτοῦ
544 979 618 1036 κόειν
637 981 682 1036 καί
699 981 798 1054 γεννᾷν
816 978 945 1048 πόρισσα,

57 1061 111 1134 ἤτοι
128 1063 234 1138 ὅμοια.
255 1069 313 1125 σίνε
330 1069 382 1139 γὰρ
399 1067 495 1125 κλοίόοι
514 1065 599 1139 αότῆς
616 1069 742 1138 πόρισσοι
754 1069 799 1123 κοιλ
812 1065 828 1124 ό
841 1069 947 1136 καρπὸς

56 1149 152 1222 ὁμοίως
171 1156 262 1228 ἔχων·
283 1157 461 1228 σφαιροειδής
477 1156 538 1227 γόρ.
574 1161 611 1213 Μ.

120 1249 164 1300 18.
203 1247 303 1316 μύες.
323 1247 352 1300 αί
369 1247 431 1315 περλ
449 1247 512 1309 τοὺς
529 1247 677 1318 βραχίονας
695 1243 807 1312 σολρκες,
827 1239 859 1307 ἅς
877 1259 946 1312 φασι

55 1335 148 1398 κοινῶς
166 1335 335 1398 ποντικοός.
365 1334 542 1406 βραχίοσι.
568 1334 601 1390 τό
618 1331 690 1403 πρὸς
706 1333 757 1388 τὸν
774 1350 850 1400 ωμον
866 1328 946 1399 μέρος

55 1421 99 1487 τῆς
116 1425 210 1492 χειρός
228 1421 336 1491 λέγεται
354 1423 490 1493 βραχίων·
509 1423 595 1492 πήγνς
612 1423 643 1477 δέ
661 1422 693 1478 τὸ
712 1419 774 1490 ἑξῆς
792 1421 843 1476 τοῦ
862 1415 946 1489 ἀγκοί-

56 1517 107 1570 νος.
133 1515 171 1568 Μ.

122 1603 167 1652 81.
207 1597 423 1668 ὁππότερος,
452 1593 536 1669 ἤγουν
555 1596 651 1661 ὁποῖος
674 1597 791 1653 διελθὼν
810 1599 858 1653 τὸν
876 1597 946 1665 πρὸς

57 1681 102 1746 τὰς
119 1687 204 1757 βσλολς
223 1688 277 1742 τοῦ
294 1683 372 1756 ήλίον
389 1685 522 1759 βλέποντα
539 1685 658 1755 δρόμον,
686 1686 733 1740 καλ
751 1684 863 1754 νικήσας
879 1679 946 1738 όπο-

58 1771 162 1847 στρέφει
185 1776 263 1847 πρὸς
288 1774 379 1842 δόσιν,
408 1772 450 1830 ἐπί
469 1775 504 1830 τὰ
522 1776 596 1830 νῶτα
614 1771 702 1830 αότοό
719 1773 860 1841 λάμποντα
879 1770 946 1841 έγοιν

58 1862 102 1914 σόυ
119 1859 206 1934 ἥλιον.
248 1869 284 1921 Μ.

127 1961 188 2010 116.
230 1951 425 2024 ὑποφήτης.
453 1948 495 2008 ότι
518 1953 664 2023 προφήτης
686 1951 736 2021 μέν
759 1951 829 2007 ἐστιν
847 1949 863 2005 ό
881 1971 946 2020 προ-

58 2038 139 2108 λέγων
157 2065 184 2100 τι
204 2043 352 2112 ἐσόμενον,
372 2037 455 2110 ήγουν
473 2038 489 2097 ό
507 2041 542 2098 τὰ
559 2041 690 2110 μέλλοντα
707 2038 861 2109 προλέγον
881 2035 944 2095 όπσ-

60 2128 146 2198 φήτης
169 2131 202 2188 δὲ
224 2129 239 2188 ό
259 2130 292 2186 τό
312 2131 458 2201 προφήτου
484 2128 663 2200 ἐξηγούμενος
686 2128 730 2182 καί
753 2129 787 2182 τὰ
812 2128 946 2196 όυςνόηπα

59 2223 228 2288 σαφηνίζον.
269 2221 476 2287 Τρικλινίου.
511 2224 547 2275 Μ.

129 2311 194 2365 1117.
236 2309 302 2364 Τοῦ
326 2308 537 2375 Τρικλινίου.
576 2306 663 2377 Τόδε,
689 2309 786 2378 φησίν,
812 2307 849 2368 είς
866 2303 947 2360 οόόέν

60 2388 207 2466 ἐχώρησεν,
236 2391 320 2464 ἤγουν
339 2388 408 2463 ἅπερ
431 2396 501 2464 πρὸς
522 2392 635 2459 ἑαυτοὺς
652 2394 741 2464 έλεγον
758 2390 887 2462 ἄπρακτα
904 2391 946 2461 γέ-

59 2471 133 2544 γονε·
153 2483 223 2553 λέγει
241 2481 273 2538 δέ
290 2486 370 2540 τοῦτο
389 2481 418 2538 ἐκ
435 2485 594 2554 μεταφορᾶς
611 2485 666 2538 τόν
681 2484 718 2547 είς
734 2477 811 2553 ὕδωρ
825 2481 946 2553 γραφόν·

59 2589 126 2636 των,
145 2571 164 2644 ἢ
184 2574 292 2631 τοιοῦτό
309 2595 336 2630 τι
353 2575 508 2631 ποιούντων
527 2571 726 2642 ἀνυπόστατον,
747 2575 791 2629 καλ
810 2575 864 2628 τόν
876 2574 947 2641 πρὸς

59 2654 128 2729 σλέρα
147 2665 215 2727 τοὺς
231 2661 326 2731 λόγους
343 2663 522 2733 ποιουμένων.
539 2668 577 2721 M·
596 2698 619 2709 -
643 2653 757 2732 ήσκον.
785 2661 946 2731 μετήργοντο

59 2743 114 2804 όπό
134 2753 187 2808 τοῦ
205 2747 294 2813 οἷσκολ,
313 2748 438 2823 ἀποβολῇ
457 2755 507 2808 τοῦ
523 2772 548 2807 υ.
579 2757 616 2809 Μ.

134 2843 196 2894 194.
229 2842 296 2894 Τοῦ
318 2842 431 2908 Τρικλ.
451 2841 519 2895 Φασλ
536 2840 585 2895 τόν
601 2839 708 2910 Λυγκέα
726 2837 858 2909 όξυόερκή
876 2836 946 2894 είναι

59 2929 209 2995 τοσοῦτον,
237 2923 274 2991 ιός
291 2929 339 2983 καί
362 2927 397 2983 τολ
418 2924 473 2984 ιλπὸ
496 2931 546 2999 γῆν
564 2925 641 3000 όρᾷν.
674 2928 730 2983 Καί
747 2925 947 2997 Ἀριστοφάνης

62 3011 170 3076 (Plutus
183 3018 257 3086 210.)
276 3013 438 3089 βλέποντ’
457 3013 630 3086 ἀποδείξω
657 3013 686 3070 α’
702 3013 868 3084 ὀξύτερον
886 3017 946 3070 τοῦ

61 3103 232 3171 Λυγκέος.
273 3107 359 3162 Τοῦτο
384 3103 415 3161 ολ
441 3105 488 3161 καί
511 3107 548 3170 είς
573 3107 724 3175 παροιμίαν
750 3101 873 3175 ίλήφθη,
902 3100 947 3158 έπλ

61 3191 116 3244 τῶν
135 3190 185 3262 όξό
203 3193 358 3267 βλεπόντὼν
375 3193 529 3265 λεγόμενον.
544 3192 613 3252 ολλλά
629 3197 709 3252 τοῦτο
727 3192 777 3262 μὲν
793 3193 874 3264 λῆρός
892 3191 947 3248 ἐστι

62 3282 194 3351 μυθικός,
212 3285 243 3339 τὸ
264 3279 288 3338 δ’
306 3279 410 3351 ολληθές
428 3278 470 3339 ότι
487 3284 574 3354 σοφός
592 3273 642 3354 ήν,
660 3285 707 3339 κοιλ
724 3281 811 3339 πολλὰ
827 3285 883 3338 τόν
900 3284 948 3352 τῆς

62 3367 112 3434 λῆς
129 3370 266 3437 μετάλλων
284 3362 374 3440 εὖρον,
392 3368 443 3438 όξέι
460 3371 567 3444 βλέπειν
586 3377 643 3437 τοῖς
660 3377 767 3436 πολλοῖς
785 3371 884 3440 ἔδοξεν.
910 3377 947 3429 Μ.
