2556 3824
941 259 971 308 tlt

132 396 160 446 Β.
182 395 248 446 151.
272 393 316 444 Gi.
337 394 419 446 (laiss.
447 397 568 448 Somniat
601 396 764 455 Graeculus,
790 411 852 450 nam
879 399 974 458 κεσσολ,

79 484 145 544 quud
165 484 271 542 seiam,
297 495 434 548 nunquam
461 483 510 538 rei
537 483 622 550 γεννολ
648 485 739 538 loeunr
767 487 915 550 usurparit.
934 488 973 539 Gi.

12 581 14 660 t
79 575 165 622 tamen
186 572 254 624 Sela.
277 571 345 636 ldyl.
366 574 396 623 V.
416 589 440 624 r.
462 575 526 633 136,
546 575 636 640 ibique
655 575 751 638 Toupil
771 581 825 626 not.

480 857 582 866 ..ῃ-κ...

439 1111 573 1152 inituim
593 1116 621 1152 ll.

135 1279 202 1342 Arg.
223 1281 256 1328 ln
277 1289 350 1326 num.
369 1278 471 1328 erravit
490 1277 644 1328 Triclinius.
664 1278 714 1342 leg.
733 1275 808 1342 ηξς.

130 1367 159 1416 Β.
182 1370 208 1416 1.
241 1368 298 1418 Pro
316 1362 454 1429 romuleae
471 1365 523 1428 leg
541 1363 674 1448 γοητείαις
692 1363 737 1426 εἰς.
756 1367 795 1415 sie
814 1367 966 1417 seneli.-

12 1425 14 1490 )
78 1454 202 1506 Forsitan
223 1459 290 1506 sunt
308 1457 335 1503 et
353 1453 420 1504 haee
444 1453 497 1504 dno
523 1449 684 1516 glossemata
713 1455 740 1504 in
768 1468 850 1506 trnurn
868 1461 969 1507 ennete.

79 1541 116 1590 ct.
137 1541 149 1572 *
173 1544 197 1594 1.

130 1631 161 1680 Α.
183 1635 210 1682 2.
231 1623 353 1695 κελέβη
382 1642 514 1694 nusquam
532 1643 593 1680 cum
624 1629 757 1696 κεφαλῇ
782 1631 969 1687 confunditur,

75 1722 151 1768 etex
172 1720 254 1768 veria
275 1717 392 1770 lectione
419 1713 478 1781 {salv
505 1715 639 1784 κεφαλᾶν,
667 1712 717 1768 κὰν
735 1713 856 1786 κελέβαν)
881 1723 969 1769 ortum

76 1801 251 1857 scholiastae
270 1805 412 1856 somnium.
450 1806 604 1869 Caeterum,
626 1806 687 1869 quia
707 1808 777 1857 male
795 1802 845 1857 εὰν
860 1802 969 1872 κελέβαν

76 1891 283 1958 intelligebant,
304 1905 449 1956 reposuere
467 1888 518 1942 κᾶν
536 1889 668 1957 κεφαλὰν,
688 1894 760 1957 quod
780 1899 854 1957 patet
872 1895 916 1943 rel
934 1908 967 1944 ex

77 1979 211 2036 Athenaei
236 1982 327 2032 verbis
347 1982 407 2039 illl,
431 1996 456 2044 p.
476 1983 542 2037 tin,
561 1982 613 2040 El:
636 1972 739 2046 uitiator
758 1979 784 2031 ελ
798 1979 879 2033 ποιὸν
898 1974 969 2041 εἶδος

77 2060 131 2119 ἐστὶ
144 2067 296 2138 ποτηρίου,
315 2058 333 2134 ἢ
351 2067 406 2120 πᾶν
424 2067 554 2135 ποτήριον
572 2064 694 2137 κελέβη
713 2070 839 2120 καλεῖται.
862 2093 887 2104 -
912 2082 968 2134 seq.

77 2155 209 2210 helesin
233 2160 314 2210 Snida
334 2173 355 2208 ε.
374 2173 400 2208 v.
428 2153 558 2226 κελέβη,
586 2162 614 2208 tt
637 2157 832 2206 emendatiora.
869 2157 900 2208 lu
919 2157 968 2208 Ed.

78 2242 186 2298 lluster.
202 2247 320 2310 legitur:
339 2247 373 2296 ll.
392 2241 487 2311 κόγχη·
507 2238 525 2311 ἡ
543 2240 655 2310 λεκάνη,
674 2250 714 2304 tt,
734 2259 815 2308 quum
834 2243 967 2296 ednolrus

78 2336 149 2384 vasis
169 2340 296 2386 nostrum
316 2335 433 2386 illustret
451 2333 555 2392 selsel..
574 2347 668 2398 repon.
687 2334 720 2382 ll.
739 2324 853 2398 κόγχηῆ
870 2334 921 2384 λεκ.
939 2361 962 2372 -

78 2420 177 2473 lueerti
199 2435 309 2472 versum
328 2412 446 2480 auetor'is
460 2422 543 2485 mele,
563 2424 589 2472 ni
609 2421 704 2478 fallor,
724 2422 914 2484 interpretatus
928 2427 967 2471 est

78 2506 228 2562 Knsterus:
248 2511 314 2576 legit
332 2513 417 2563 enim:

129 2591 177 2648 Ἐκ
197 2592 222 2649 δ’
241 2594 312 2663 ἔχεεν
330 2594 431 2664 κελέβη.
459 2593 528 2662 μετὰ
554 2590 578 2648 δ’
608 2583 643 2647 αὖ
661 2594 742 2661 κερκὶς
759 2590 876 2662 ἠφύσαε’
894 2588 963 2648 ἄλλο.

80 2685 226 2752 »iliqunret
246 2701 278 2738 ex
297 2687 390 2738 eelebe
403 2685 502 2742 effuso,
517 2685 598 2736 alium
611 2685 708 2736 deinde
721 2699 799 2749 quem
812 2686 968 2742 miscuerat,

78 2769 204 2832 hausit,“
225 2776 350 2840 asnide,
370 2774 545 2832 crediderim,
565 2774 694 2838 deceptus
712 2775 757 2839 qui
776 2774 824 2824 sun
844 2786 868 2822 v.
887 2766 967 2835 κεράς

79 2859 195 2927 interpp.
215 2857 352 2930 ealdintune
371 2856 433 2914 nivel
451 2860 501 2914 τοῦ
519 2859 688 2926 nannetensis.

130 2947 236 3014 κέρας
254 2952 326 3002 euim
344 2951 471 3015 poculum
490 2956 531 3002 est
550 2952 593 3001 vel
606 2964 734 3002 corneum
749 2951 790 3002 vel
802 2955 966 3013 ergerrtaurn,

80 3047 211 3090 cornuum
230 3039 342 3104 liguram
356 3039 493 3097 reserens,
512 3053 565 3104 quo
584 3041 655 3090 inter
674 3039 841 3090 coenandum
860 3038 966 3101 saepius

79 3125 235 3186 utebantur,
262 3141 296 3178 ne
314 3129 424 3192 plenum
452 3128 517 3178 illud
547 3128 714 3192 depenerent
745 3127 884 3180 convivae.
924 3126 964 3178 Gi.

80 3210 186 3266 (laesas.
200 3216 276 3268 Bello
290 3215 360 3269 Gall.
374 3218 417 3268 v1.
430 3217 473 3268 28.
492 3217 558 3266 Hor.
572 3218 610 3274 ll,
630 3218 685 3268 Sui.
702 3220 727 3268 2.
749 3215 814 3278 tn),
840 3245 861 3256 -
878 3209 965 3281 ἀφύσ-

79 3311 159 3364 σομαι
179 3321 243 3356 t'ern
262 3306 316 3357 viru
336 3306 417 3356 medii
436 3307 519 3356 habet
542 3312 572 3356 ut
597 3306 623 3356 in
646 3306 722 3356 llum.
742 3304 818 3356 lliad.
847 3306 871 3355 3.
897 3305 960 3356 295:
