2556 3824
320 309 355 358 ³0

319 443 350 501 δὲ
369 447 512 508 σπονδεῖος
529 445 574 500 καλ
594 443 724 508 δάκτυλος
741 439 760 514 ἢ
777 443 808 500 τὸ
828 441 981 499 άνάπαλιν·
1009 443 1036 499 ολ
1054 439 1083 498 δλ
1101 437 1215 510 όστεροι

319 531 360 589 άελ
378 530 515 589 δάκτυλοι.
542 567 564 578 -
594 531 611 570 *
641 534 698 588 Τοό
717 530 804 588 αότοό
823 532 1023 600 Μοσγοποάλου
1040 533 1139 601 σχόλια.
1177 528 1215 587 Ὁ

319 622 430 690 Δάφνις
446 621 589 693 βουκόλος,
609 617 785 684 όΜενάλιιας
796 620 912 690 ποιμήν,
935 617 992 675 όδλ
1006 623 1099 691 κριτὴς
1117 617 1214 675 αὐτῶν

320 708 440 774 αἰπόλος.

391 797 408 836 *
435 805 459 853 1.
496 796 690 868 συνήντετο.
723 796 900 866 συνήντησεν,
926 794 983 852 άπὸ
1010 800 1059 853 τοῦ
1086 797 1213 851 ουναντιό

320 887 455 956 δέματος,
475 883 513 950 τός
530 887 576 941 καλ
594 883 748 949 Ὀππιανός
766 903 858 955 φησιν.
895 891 924 939 Ε.

391 975 447 1031 *3.
462 972 591 1046 άνάβω.
617 969 690 1046 Ἥβη
708 972 811 1041 λέγεται
828 968 898 1030 ὅταν
916 970 1031 1044 άργηται
1048 975 1213 1042 τοιχοῦσθαι

321 1066 355 1119 τά
374 1063 403 1119 ἐκ
420 1065 475 1120 τόν
493 1062 563 1119 νέων
582 1059 692 1133 άτριχα,
706 1047 805 1132 Ιἤγουν
822 1063 857 1118 τά
877 1064 986 1118 αἰδοῖα.
1006 1057 1106 1134 ἄνηβος
1124 1053 1174 1118 σόν
1195 1061 1212 1116 ό

321 1155 359 1221 μὴ
379 1151 447 1221 ἔχων
466 1149 510 1207 ἐπὶ
527 1151 634 1214 τούτοις
651 1152 758 1220 τρίχας,
785 1151 855 1205 κατά
872 1153 903 1206 τό
921 1151 1055 1207 παλαιόν.
1084 1148 1126 1221 ἐφ’
1145 1147 1213 1220 ἡμῖν

324 1239 354 1296 δὲ
372 1241 474 1311 λέγεται
492 1239 597 1312 ἔφηβος
613 1236 629 1296 ό
648 1241 888 1309 τεσσαρεσκαίδεκα
905 1240 1010 1308 χρόνον
1027 1246 1103 1302 παῖς.
1125 1243 1157 1305 Q.

392 1329 451 1384 *3.
482 1327 578 1384 ὀΐων.
607 1330 754 1401 προβάτων
778 1326 807 1396 ἐξ
831 1322 869 1384 όν
893 1331 929 1383 τά
953 1327 1012 1398 ἔρια
1030 1329 1064 1382 τά
1083 1329 1120 1391 εἰς
1136 1327 1211 1382 πόκα

322 1417 468 1488 ἐπιτήδεια.
506 1423 533 1470 Ρ.

392 1505 409 1542 *
428 1512 472 1560 10.
498 1503 627 1561 οόδέλ.
651 1507 683 1561 τό
706 1505 850 1575 λεγόμενον
873 1509 906 1576 τῇ
931 1509 1064 1579 συνηθείᾳ
1081 1501 1145 1560 οόδλ
1164 1503 1213 1559 ἐὰν

321 1597 450 1666 σγισθῇς,
470 1591 534 1654 οὐδὲ
554 1596 580 1650 εἰ
595 1596 717 1666 διαβείης
736 1591 845 1650 άελδων.
881 1599 911 1647 L.

391 1681 408 1720 ’¹‘
427 1689 469 1738 19.
496 1683 586 1738 ἴσον.
610 1686 757 1753 σημελωσαι
781 1683 812 1738 τό
837 1683 914 1738 ἴσον
937 1685 982 1738 καλ
1005 1683 1081 1752 παρά
1099 1689 1157 1745 τοῖς
1174 1685 1212 1751 τῷ

322 1768 401 1842 ἡρῷα
420 1770 508 1842 μέτρῳ
525 1769 673 1840 χρωμένοις
691 1771 902 1844 βραχυνόμενον.
930 1777 957 1824 Ε.

393 1864 422 1912 Β.
442 1863 484 1914 26.
510 1863 616 1929 τῆνον
634 1863 771 1924 πῶς...
792 1858 913 1917 ἐκεῖνον·
932 1855 950 1930 ἢ
969 1857 1069 1924 άλλως·
1089 1858 1211 1915 ε’λλειπτι-

321 1951 392 2010 κῶς·
420 1950 504 2018 τῆνον
522 1969 550 2002 π.
570 1946 590 2003 ἒ.
610 1971 633 2002 τ.
652 1951 711 2003 alu.
731 1949 844 2018 νοητέον
862 1949 982 2016 ἔξωθεν·
1010 1948 1159 2017 κράξωμεν.
1185 1983 1208 1992 -

323 2043 354 2091 Α,
375 2035 540 2092 ἐκεῖνοντὸν
558 2038 615 2092 αλπ.
629 2030 663 2092 οό
680 2057 707 2092 π.
727 2059 752 2090 τ.
771 2037 807 2105 ἐρ.
828 2035 843 2093 ό
861 2039 934 2106 κάων
953 2035 969 2092 ό
987 2038 1079 2101 λευκός
1097 2035 1216 2097 ὑλακτεῖ,

323 2123 370 2180 ἐάν
389 2129 446 2190 πῶς
465 2125 588 2180 ἐνταῦθα
608 2123 684 2186 [άντλ
702 2127 752 2180 τοῦ
768 2128 848 2194 δεόρο
874 2123 926 2194 Μ]
946 2126 1111 2194 καλέσωμεν,
1131 2133 1219 2192 κρινεῖ

325 2213 451 2282 δηλονότι
468 2211 555 2283 ἡμᾶς·
583 2212 732 2281 τουτέστιν,
761 2217 787 2269 ελ
801 2204 836 2284 ἦν
854 2216 955 2282 τρόπος
978 2210 1053 2278 ὅπως
1077 2209 1112 2268 άν
1135 2217 1216 2281 δεῦρο

324 2309 381 2356 καλ.
403 2300 504 2356 ἐκεῖνον
523 2301 572 2358 τὸν
591 2303 647 2355 αἰπ.
668 2293 787 2356 οό.....
807 2300 887 2372 η’μάς.

394 2388 472 2444 ⁹⁶27.
509 2386 715 2460 όφαλαρὸς.
742 2391 848 2459 λευκός,
875 2389 904 2458 ἐξ
923 2383 956 2446 οό
975 2392 1021 2445 καλ
1040 2389 1219 2460 φαλακρὸςό

325 2477 393 2546 ἔχων
411 2479 512 2547 φαλιόν
531 2477 628 2547 κάραν.
666 2485 695 2533 L.

396 2566 412 2602 ¹⁸
427 2572 470 2621 30.
492 2562 601 2621 ἄειδε.
620 2557 686 2638 ᾖδεν
699 2565 714 2622 ό
731 2567 879 2632 Μενάλκας
891 2565 1023 2637 ἒνήδονα,
1036 2567 1219 2638 λιγύφθογγοι,

325 2654 430 2724 λαγών,
450 2654 571 2710 τουτέστι
588 2659 748 2726 κληρωθελς.
774 2662 804 2712 Ρ.

396 2747 424 2795 Β.
439 2746 483 2797 33.
510 2742 595 2807 [τέλος
614 2746 669 2798 τῶν
687 2741 829 2814 ἡρωϊκῶν.
850 2748 901 2813 Μ.]
931 2746 970 2800 Τό
988 2742 1088 2814 μέτρου
1106 2742 1221 2814 ἐλεγεῖον

326 2832 374 2886 καλ
391 2829 511 2902 ἡρωϊκὸν
529 2834 578 2903 τῆς
596 2831 677 2905 ςόδῆς.
703 2867 725 2878 -
756 2833 773 2870 *
796 2830 813 2904 ἡ
839 2831 897 2908 φ’δὴ
921 2831 992 2904 αότὴ
1011 2830 1027 2903 ἡ
1045 2831 1111 2903 παρ’
1130 2829 1223 2903 άμφο-

328 2919 414 2989 τάρων
427 2917 547 2993 ᾆδομένη
558 2921 635 2992 μέχρι
648 2925 696 2978 τοῦ
708 2925 819 2978 ταῦτα
837 2920 896 2990 μὲν
909 2913 972 2991 Δάν,
991 2919 1027 2978 δι’
1040 2918 1222 2993 ἧρωελεγελων

326 3007 379 3064 ε’στλ
393 3012 502 3080 στίχων,
522 3006 606 3080 ἤγουν
625 3009 687 3074 ἑνός
705 3007 826 3081 ἡρωϊκοῦ
843 3012 889 3066 καλ
908 3009 1001 3081 ἑτέρου
1020 3009 1145 3080 ἐλεγείου.
1166 3009 1221 3066 ἔστι

327 3097 358 3153 δὲ
373 3099 404 3154 τὸ
418 3096 533 3168 ἐλεγεῖον
550 3099 650 3168 μέτρον
667 3100 737 3154 κατὰ
757 3101 887 3155 διποδίαν
905 3100 1087 3170 μετρούμενον
1101 3101 1148 3154 καλ
1161 3107 1219 3156 συλ-

327 3187 427 3260 λαβήν.
448 3189 473 3243 ολ
493 3185 523 3242 δὲ
541 3187 624 3250 πόδες
643 3187 775 3243 δάκτυλοί
792 3191 842 3242 εἱσι
859 3187 906 3243 καλ
925 3189 1063 3246 σπονδεῖοι
1080 3187 1169 3256 μόνοι.
1189 3193 1218 3256 Ν,

399 3282 428 3330 B.
449 3281 492 3330 35.
517 3274 551 3330 ἐκ
571 3279 695 3345 ψυχάς.
713 3273 731 3346 ἢ
751 3267 799 3348 ᾖσε
817 3276 896 3346 μέλος
914 3275 943 3332 ἐκ
960 3288 993 3346 ψ.
1010 3271 1029 3345 ἢ
1047 3275 1173 3349 βόσκοντ’
1192 3275 1220 3330 ἐκ

328 3378 374 3433 ψη
390 3361 475 3434 ἤγουν
485 3403 565 3418 ·····
590 3397 612 3408 ·
