2556 3824
348 287 381 336 33

418 423 435 462 *
455 428 497 480 33.
520 423 580 494 γριί
588 437 674 479 σεοι.
702 417 762 493 ἤτοι
774 421 871 492 στήλας
883 417 961 490 ἡμῶν
974 416 1126 490 ἀμφότεροι
1137 420 1236 487 χρυσᾶς

347 511 510 583 ἐποιήσαμεν
527 512 574 568 καί
591 508 749 580 ἀνεθέμεδα
767 513 802 582 ιη’
819 507 977 580 Ἀφροδίτῃ.
1005 513 1033 562 λ..

418 601 435 640 *
451 607 494 658 35.
518 599 687 669 Ἀμύκλαι.
706 595 779 664 εἶδος
795 595 973 668 είποδήματος
990 593 1133 664 Ἆμνκλῶν,
1148 590 1237 662 ὥσπερ

347 691 376 748 αί
395 695 562 761 καρπατῖναι
585 691 687 757 Καρῶν
705 689 752 743 καί
770 688 799 744 αλ
817 685 946 742 σκυδικαί
966 685 1095 742 Σκυθῶν.
1121 688 1154 738 N.

418 778 495 834 *33
528 775 749 848 ἀστράγαλοι.
775 772 860 847 ἤγουν
878 776 1046 843 λευκότατον,
1076 772 1239 842 ἐπιτήδειοι.

347 871 436 939 σχῆμα
455 866 559 937 ἔχοντες
577 864 754 973 ἀστραγάλων
771 861 856 935 ἤγουν
875 863 1038 935 δηκταρίων.
1064 868 1095 918 L.

419 962 449 1011 Β.
459 961 501 1010 37.
529 955 670 1023 τρτίγνα.
690 954 792 1027 βοτάνη
804 975 845 1018 τις
857 954 957 1017 λκανῶς
968 950 1075 1022 μαλακὴ
1087 950 1134 1005 καί
1142 950 1239 1018 λεπτή.

348 1045 400 1100 έστλ
419 1037 486 1098 w
468 1063 503 1112 ην
521 1044 547 1098 σί
565 1042 652 1098 κοινοί
674 1039 773 1111 ἀγρίαν
798 1043 899 1110 μαζιᾙ
878 1062 950 1112 ανην
976 1042 1078 1111 φασίν·
1104 1036 1239 1110 ἐξεβλήθη

349 1131 379 1188 δέ
398 1133 430 1190 τὸ
449 1123 482 1186 οὗ
501 1132 548 1186 διὰ
566 1131 598 1186 τδ
616 1129 723 1198 μέτρον

419 1227 448 1275 Β
467 1226 509 1276 38.
534 1219 653 1284 καλάς
666 1216 864 1289 γελῶναάτοῦ,
877 1215 1239 1290 καλάςηέδάςλέγειιιοιεῐν,

348 1309 406 1366 έκεί
418 1308 546 1377 ἐρωτικὸν
561 1305 637 1381 ᾅδει,
656 1304 809 1378 έργάτης”
787 1328 843 1362 ων
864 1308 907 1364 διδ
926 1308 981 1366 καί·
990 1307 1022 1362 τὸ
1044 1299 1133 1373 ὄνομα
1151 1301 1240 1358 αὐτοῦ
1269 1335 1270 1396 η

348 1397 496 1468 σνγκέκοφε
513 1393 648 1468 βοῦκον
632 1400 843 1464 υποκοριστικοίς
862 1394 923 1452 ἀντί
940 1397 1019 1450 καίοο
1037 1393 1130 1449 νίκων.

419 1486 498 1542 *33
535 1483 578 1550 τίς
604 1477 639 1540 εὗ
662 1487 724 1540 τάν
748 1485 862 1540 ἰδέαν
895 1485 995 1548 ίκαννίς
1013 1485 1064 1552 τὴν
1082 1484 1241 1554 τραγῳδίαν

349 1575 455 1646 ἐποίησε
473 1571 555 1630 καλ’
537 1576 654 1644 αρίστωρ
672 1571 759 1644 αὐτὴν
771 1568 902 1644 ἥρμοσεν,
924 1595 939 1643 η
954 1569 1050 1643 αριστα
1063 1592 1112 1628 του
1100 1573 1240 1632 κάλλους

349 1662 511 1733 ἐστοχάσατο
531 1665 580 1732 τῆς
598 1660 740 1732 ἐρωμένης.
767 1668 798 1718 L.

420 1759 455 1808 A..
470 1758 515 1808 ιἰλ.
548 1753 679 1805 θᾶσαι·
698 1747 715 1806 δ
732 1751 810 1820 λόγος
827 1749 857 1806 έκ
874 1753 924 1806 τοῦ
942 1752 1090 1822 βονκαίου·
1120 1750 1240 1804 δυνατὸν

349 1839 379 1896 δέ
398 1841 444 1895 καί
463 1840 513 1896 τὸν
533 1837 625 1908 έτερον
642 1841 729 1895 ταῦτα
746 1837 847 1910 λέγειν·
872 1837 887 1895 ὁ
907 1837 938 1894 δέ’
955 1841 1102 1908 Λοτίερσας
1118 1836 1241 1904 κιίμιδος

348 1929 436 1992 νόδος
451 1935 530 1992 παῖς.
548 1927 666 1998 γεωργὸς
685 1925 715 1983 δέ
733 1923 772 1982 νίν
789 1928 853 1992 τοὺς
871 1927 1010 1997 παρόντας
1027 1928 1146 1994 θερίζειν
1159 1922 1240 1995 ήυιίγ-

349 2023 412 2086 καζε
437 2019 482 2072 καί
510 2020 580 2076 κατὰ
608 2016 659 2086 τὴν
685 2015 802 2084 ἑσπέραν
827 2016 993 2084 σονακέτεμε
1010 2023 1068 2079 τοῖς
1086 2017 1241 2082 δράγμασιν

350 2105 502 2169 αιίτιόντδις
520 2105 660 2176 κεφαλάς·
690 2099 721 2159 ὃν
744 2101 760 2160 δ
784 2101 917 2175 Ἡρακλῆς
941 2100 1053 2174 ὕστερον
1075 2102 1182 2160 ἔκτεινε.
1213 2138 1236 2148 -

349 2203 379 2251 Β.
407 2194 508 2250 θέασαι
534 2195 580 2249 καί
609 2189 743 2250 ἄκουσον·
772 2191 825 2248 ἐστί
853 2199 884 2250 τὸ
912 2197 1001 2264 σχῆμα
1024 2194 1151 2262 αἴσθησις
1182 2190 1241 2246 ἀντί

351 2283 512 2354 αἰσθήσεως.

422 2378 450 2425 Β.
468 2377 511 2428 48.
547 2367 686 2441 ἐκφεύγειν
709 2362 758 2428 οὖν
780 2375 831 2442 χρὴ
856 2375 905 2428 τὸν
928 2370 1109 2444 μεσημβρινὸν
1133 2374 1241 2442 (φησιν)

349 2457 439 2516 έίτινον
457 2455 611 2522 ἀλοῶντας·
641 2457 775 2528 ἀμοῖντας
791 2458 897 2518 ιίτινοῦν
920 2459 968 2529 μέν
987 2459 1016 2516 ἐν
1034 2458 1109 2533 αὐτῷ
1138 2463 1242 2527 (πίπτει

349 2550 403 2620 γὰρ
427 2545 442 2603 ὁ
466 2547 566 2616 στάγυς
588 2543 642 2604 ἀπὸ
668 2551 717 2604 τοῦ
741 2545 817 2619 ἡλίου
836 2549 1030 2619 φλεγόμενοςλ·
1059 2545 1195 2618 ἄρχεσθαι
1215 2547 1241 2603 δὲ

350 2636 423 2710 ἀμηίν
442 2632 592 2706 ἀρχομένης
609 2633 711 2707 ἡμέρας
729 2632 773 2693 ὅτε
791 2635 808 2693 δ
825 2639 976 2707 κοροδαλδς
995 2637 1131 2707 ἐγείρεται,
1152 2634 1170 2694 δ
1188 2659 1242 2694 κοι-

350 2747 405 2790 νοις
420 2727 551 2788 πίτυλος,
575 2727 620 2781 καί
642 2726 731 2797 λήγειν
749 2748 798 2782 του
786 2721 930 2797 ἔργου”
914 2749 957 2784 οτε
975 2727 1056 2782 πάλιν
1075 2719 1156 2788 οὗτος
1175 2723 1242 2782 ἀπο

350 2812 456 2885 στρέφει
475 2814 545 2884 πρὸς
562 2816 716 2886 κοίτην·
748 2819 779 2868 Α
804 2815 840 2870 τὸ
857 2806 1131 2886 μεσημβρινόν’
1113 2818 1175 2870 αντί
1195 2836 1244 2870 τον

350 2904 388 2974 μὴ
406 2901 435 2958 ν
452 2905 595 2978 μεσημβρ
586 2925 604 2958 α
620 2902 781 2973 καδευδειν,
801 2902 857 2959 ἀλλ’
876 2903 998 2974 ἐνεργεῖν.

421 2997 453 3048 Α.
473 2999 516 3048 50
554 2994 765 3062 Κορυδαλιί.
794 2989 905 3062 Ογάρ
931 2993 1080 3062 κσρυδαλδς
1108 2998 1180 3048 κατὰ
1213 2997 1242 3048 τὸ

350 3079 547 3152 ἀμφίλνκον”
532 3102 642 3136 ιιιταται
673 3079 702 3136 έν
731 3083 868 3154 διανομῇ·
899 3085 942 3138 δεῖ
970 3101 1033 3150 ουν,
1064 3084 1145 3152 φησί,
1178 3085 1245 3144 τοὺς

351 3167 491 3236 ἀλοῶντας
510 3168 539 3226 έν
556 3172 707 3245 μεσημβρίᾳ
726 3166 811 3243 ἀλοᾷυ
829 3172 876 3224 διὰ
894 3172 925 3226 τὸ
945 3169 1098 3241 ἐπιτήδειον
1111 3167 1181 3226 εἶναι
1196 3173 1245 3226 τὸν

349 3259 462 3330 καιρόν·
492 3260 555 3324 τοὺς
581 3257 611 3314 δέ
635 3255 761 3328 ἀμῶντας
786 3255 847 3330 ἄρτι
870 3259 1075 3330 λευκαινομένης
1099 3261 1150 3328 τῆς
1174 3256 1244 3328 ηὀῦς

350 3345 483 3422 ἄρχεσθαι
509 3350 558 3427 τοῦ
584 3344 689 3418 ἀμητοῦ
701 3386 793 3406 ......
829 3352 878 3421 γῆς
903 3351 1044 3413 κλίνοντος
1071 3347 1102 3404 τὸ
1130 3349 1244 3415 καῦμα·
