2556 3824
943 278 959 328 ’ί

64 415 141 472 κατὰ
153 413 254 485 γένεσιν
272 411 315 470 έτιλ
332 415 381 470 τοῦ
399 413 542 482 μετάποο,
564 407 629 484 ὅπερ
638 419 758 483 συνεργεῖ
768 415 839 483 πρὸς
851 416 959 485 φίλτρα,

64 500 104 569 οές
123 501 309 572 Ἀριστοτέλης.

141 597 170 648 Β.
186 597 230 648 50.
258 584 300 654 ὃς
326 591 383 646 καί
407 590 538 660 Δέλφιν
565 590 690 659 ἴδοιμι.
718 587 773 646 άπδ
797 592 891 648 κοινοῦ
919 594 957 648 τὸ

65 679 301 749 μαινόμενον,
320 674 358 744 οἷς
383 679 427 734 καί
447 679 527 735 ἴκκτοι
543 679 688 748 μαίνονται
706 676 816 747 ἔχοντός
832 699 906 744 τινος
928 679 959 736 τὸ

65 765 232 836 λιττεομανές.

141 859 155 889 *
175 862 219 910 51.
237 861 293 910 λιιι
301 858 402 926 αράς.
421 857 468 912 διά
485 853 518 912 τὸ
537 853 617 930 έλαίφ
635 851 800 926 άλείφεσδαι
816 855 882 921 τοὺς
907 874 959 910 πα-

64 947 204 1008 λαίοντας.
222 949 260 1001 Μ.
484 1019 486 1023 v

145 1038 176 1090 Β.
194 1038 237 1089 53.
261 1028 363 1088 Τοῦτ’
381 1029 450 1090 άπὸ
469 1035 530 1098 τάς
555 1034 709 1102 γλαίνας.
750 1035 852 1100 Τοῦτο,
872 1035 955 1102 φησί,

69 1122 264 1190 παραδιδοῦσα
282 1121 347 1190 πορί
365 1121 411 1176 καί
426 1117 528 1178 άκοντα
547 1119 594 1176 διὰ
611 1122 662 1186 τάς
685 1123 849 1192 μαγγανείας
870 1118 961 1176 ἐλθεῖν

67 1206 225 1280 άναγκάζω.

142 1303 173 1352 Β.
191 1302 234 1352 ὄλ.
262 1293 334 1366 σδγιδ
361 1299 423 1352 νῦν
446 1298 614 1352 τίλλοισα.
643 1293 727 1366 ἤγουν
754 1293 810 1366 άφ’
835 1288 869 1353 οὖ
890 1294 958 1366 ίγά,

51 1381 153 1454 -ἥγονν
183 1379 198 1440 ὃ
225 1382 277 1454 έγολ
306 1385 517 1444 κατατίλλονσα.
545 1385 575 1442 τὸ
603 1378 621 1442 ὃ
641 1385 687 1440 καὶ
705 1382 768 1442 τὸέ
792 1386 830 1450 εἰς
848 1373 870 1440 ὦ
890 1383 959 1456 μέγα

68 1475 204 1541 κιρνᾶται

139 1566 168 1616 Β.
195 1567 236 1618 55.
272 1561 356 1618 αἰαῖ
388 1559 488 1630 έρας.
513 1561 668 1632 δακνομένη
698 1557 752 1620 άπὸ
779 1564 829 1618 τοῦ
855 1559 956 1632 έραιτος

64 1645 217 1719 ἀπέστρεψε
235 1650 286 1708 τὸν
302 1648 383 1720 λόγον
403 1649 471 1719 πρὸς
495 1647 595 1706 αὐτόν·
624 1647 734 1721 άκιηρές
752 1649 800 1714 δέ,
821 1648 882 1708 άντλ
908 1652 958 1706 τοῦ

65 1735 237 1807 άνιαροποιέ.

137 1829 151 1859 *
170 1831 214 1882 οδ.
232 1823 373 1900 βδέλλα.
392 1826 489 1898 βδέλλα
506 1824 561 1883 άπὸ
580 1830 630 1883 τοῦ
646 1826 754 1900 βδάλλω
777 1827 808 1887 τὸ
836 1824 956 1898 α’μέλγω,

69 1909 98 1980 ἐξ
117 1906 152 1968 οδ
170 1913 219 1968 καί
237 1911 401 1985 νεάβδαλτον
419 1914 488 1984 γάλα
506 1916 538 1970 τὸ
558 1915 652 1972 νεωστί
670 1912 817 1990 άμελγδέν.
835 1922 872 1974 Μ.

139 2005 168 2054 Β.
193 2003 237 2055 59.
256 2003 317 2054 νῦν
335 1999 370 2056 δὲ
389 2004 544 2074 λαβοὶσα.
582 2003 639 2058 Καί
656 2005 707 2059 νῦν
724 2006 846 2076 λαβοῦσα
868 2007 956 2061 ταῦτα

64 2089 100 2141 τά
118 2087 253 2156 φάρμακα
275 2087 399 2157 ζήμωσον
416 2091 461 2146 καί
479 2090 587 2160 κρύψον
607 2088 661 2146 άπὸ
680 2095 731 2163 τὴν
751 2090 838 2164 αὐτὴν
855 2093 956 2150 είλοιάν

65 2177 112 2232 καί
125 2174 182 2246 λέγε
200 2173 361 2246 έφαπλοῦσα
378 2178 440 2248 περὶ
458 2180 513 2234 τάν
531 2178 667 2250 Δέλφιδος
686 2179 780 2250 άγέαν.

136 2266 212 2320 *w
240 2265 370 2331 θρόνα.
398 2262 416 2335 ἢ
442 2269 512 2336 ζῶα,
532 2264 550 2337 ἢ
569 2266 675 2326 α’νδινά
698 2269 811 2338 ίμάτια,
829 2265 847 2339 ἢ
865 2268 953 2339 βόδα,

63 2348 244 2421 ἢφάρμακα.
262 2359 293 2408 Β.

134 2445 164 2494 Β.
183 2447 225 2498 δδ.
252 2445 304 2507 τίς
329 2462 389 2512 μοι
417 2445 527 2500 κακὸν
557 2438 662 2518 ἄραγε
690 2449 762 2518 (εἰσ.)
788 2442 826 2512 άς
848 2448 954 2503 πολλῶν

65 2521 154 2582 ὄντων
171 2532 227 2584 τῶν
245 2532 306 2599 περὶ
325 2529 411 2602 αὐτὴν
432 2535 532 2588 κακάν.

136 2623 167 2674 Α.
186 2623 230 2676 δδ.
251 2619 469 2690 Κανηφόρος.
489 2626 587 2680 suidas
600 2640 620 2676 τ.
637 2641 663 2678 v.
678 2627 750 2688 [Soh.
777 2627 808 2679 G.
823 2624 953 2694 φιλάκαρ-

64 2727 118 2776 φος
136 2725 186 2776 γτο
201 2707 367 2778 Φιλόχορος]

136 2800 166 2850 Β.
192 2801 235 2852 δ’ί.
259 2787 307 2870 Tg}
334 2798 483 2868 δὴτόκα
511 2796 823 2870 πολλάμὲνάλλα.
855 2799 952 2873 'Emi

65 2886 173 2956 πομπῇ,
194 2886 290 2956 φησίν,
309 2881 375 2942 ἄλλα
393 2906 422 2942 τε
439 2889 528 2958 δηρία
545 2885 697 2958 ἐπόμπευσε
712 2889 759 2947 καί
772 2887 875 2946 λέαινα.

132 2976 161 3026 Β.
175 2976 219 3028 69.
239 2969 368 3043 φράζεό
385 2995 447 3045 μεν
464 2976 523 3034 τὸν
542 2973 647 3047 ἔροιθ’
673 2971 769 3036 ὅθεν.
807 2979 947 3050 Πρδςτην

63 3060 175 3131 σελήνην
193 3062 241 3116 καλ
262 3061 313 3131 τὴν
329 3059 444 3134 Ἑκάτην
467 3068 546 3135 φησί.
566 3066 669 3132 ταύτας
688 3068 741 3136 γάρ
759 3066 902 3140 σννέργονς
914 3069 952 3134 είς

62 3151 112 3218 τὴν
137 3149 215 3219 καρδι
242 3147 380 3222 ἐρωμένου
407 3157 583 3224 φαρμακείαν
601 3156 823 3230 παραλαμβάνει·
851 3156 902 3227 τὴν
922 3156 952 3213 δέ

62 3258 117 3294 ταν
140 3240 297 3310 φαρμάκιδν
321 3246 387 3308 (εἰσ.)
413 3239 549 3302 ὑπόδεσιν
574 3241 676 3302 ἐκτῶν
696 3242 877 3318 Εὐφορίωνος
895 3249 949 3303 Μί-

62 3345 121 3393 μον
138 3328 293 3400 μεταφέρει.
