2556 3824
912 329 944 378 51

137 465 210 522 *ola
250 463 526 536 άσφαραγεῦντι.
546 461 620 528 εἶδος
638 457 723 520 όπλον
742 467 882 530 Περσικοῦ.
910 469 946 518 Μ.

136 553 211 610 *97-
249 555 340 610 λαοέ.
375 556 410 610 Ολ
427 555 501 616 λαοί,
525 555 607 623 φησί,
629 554 689 621 περλ
706 553 742 608 τά
759 551 824 622 ἔργα
842 548 947 621 ἡσόγιοι

73 643 196 710 γίνονται,
216 642 264 698 διά
280 643 312 698 τό
331 640 401 698 εἶναι
419 641 448 698 έν
467 643 567 714 εἰρήνη.
605 647 643 699 Μ.

134 735 176 788 98.
215 734 343 788 Νεῖλον
365 729 528 803 ένιεμβάς.
559 731 621 799 περλ
643 732 692 785 τοῦ
712 731 894 786 Νελλον....
918 727 947 783 έν

71 815 156 876 ένλιιου
178 821 234 874 τιόν
256 816 459 890 ὑπομνημάτων
477 821 561 889 φησὶν
579 817 713 888 εἰρηκέναι
734 816 804 881 τινές
825 819 948 887 μιλησλον

70 907 246 977 σκοπήσαντος
263 907 315 977 τὴν
333 909 500 978 Ναυκράτην
518 908 732 976 προςαγορεῦσαι
754 909 804 962 τόν
826 904 885 962 κατ’
903 907 947 961 Αλ-

69 1014 162 1060 γνττον
188 998 316 1064 ποταμὸν
335 997 437 1052 Νεῖλον
460 992 514 1052 άπό
538 997 587 1051 τοῦ
611 985 947 1064 κτιοτοόνειλειιδέμενος

72 1083 117 1153 τήν
133 1085 324 1154 προςηγορίαν.
722 1074 725 1079 ’

132 1173 149 1210 *
169 1179 230 1228 10³.
272 1175 490 1240 Τρικλινλου.
510 1170 748 1240 έπιστάμενος.
768 1171 818 1228 οόκ
836 1169 947 1240 ἄπειρος

67 1259 111 1332 όν,
130 1265 213 1333 φησί,
231 1265 287 1318 τῶν
299 1264 464 1330 πολεμικῶν,
485 1258 606 1330 ἐκάθητο
620 1262 776 1332 εἰρηνεόων,
797 1259 834 1324 οός
845 1261 946 1330 μήτινα

65 1353 116 1405 τοόν
134 1350 244 1421 ἐχθροῖν
262 1350 312 1420 τὴν
330 1346 417 1406 αὐτοῦ
434 1347 576 1418 ληΐζεσδαι
592 1347 698 1418 χώραν,
727 1345 795 1405 άλλά
817 1349 863 1404 καλ
887 1351 948 1404 λίαν

64 1438 242 1506 ἐπιστάμενος
264 1437 332 1505 δόρυ
356 1437 478 1505 πάλλειν,
503 1432 587 1506 ἤγουν
604 1440 706 1508 πολλὴν
723 1440 779 1494 τόν
796 1439 947 1506 πολεμικῶν

64 1527 129 1596 έγων
147 1533 256 1594 πεῖραν.
292 1529 329 1582 Μ.

132 1615 231 1670 *λθλλ
272 1617 340 1670 Τοῦ
372 1615 585 1684 Τρικλινλον.
616 1612 731 1684 Ου’μὴν
755 1612 862 1682 άγρεῒός
882 1612 944 1678 έοτι,

63 1707 158 1774 φησίν,
186 1700 262 1778 αότηό
284 1703 481 1772 σεσωρευμένος
504 1699 520 1757 ό
543 1702 653 1772 χρυσός,
680 1702 809 1770 καθάπερ
832 1699 875 1756 έπλ
892 1704 947 1756 τῶν

63 1791 103 1849 άελ
122 1791 281 1861 μογοάντων
299 1792 462 1862 μυρμήκων·
489 1790 584 1847 ἐκεῖνοι
602 1793 654 1862 γὰρ
673 1788 714 1847 οιέλ
732 1791 894 1858 οωρεόονσιν
912 1786 947 1852 σός

61 1884 97 1950 μὴ
122 1879 247 1952 έπιλείψῃ
271 1878 365 1942 αὐτοῖς
389 1876 407 1948 ἡ
430 1878 533 1948 τροφή,
561 1875 620 1934 ὁδ’
639 1877 681 1934 ολελ
706 1881 801 1934 δίδωσι
824 1882 891 1933 πάσι
912 1880 947 1932 τὰ

59 1971 131 2038 πρός
149 1969 200 2039 τήν
218 1970 324 2038 χρείαν·
348 1968 411 2034 περλ
429 1965 458 2022 δέ
475 1970 532 2021 τόν
550 1967 766 2035 μεταλλευόντων
784 1967 833 2023 τὸν
850 1965 948 2036 χρυσὸν

60 2058 88 2114 έν
108 2057 204 2122 Ἰνδοῖς
221 2055 369 2127 μυρμήκων
387 2061 495 2120 πολλοῖς
513 2054 660 2124 ἱστόρηται.
697 2061 735 2112 Μ.

133 2145 231 2200 *112
272 2147 487 2214 Τρικλινλου.
518 2142 599 2200 ου’δέ
617 2144 796 2200 Διωνύσου
815 2165 877 2207 τις.
909 2140 949 2198 Ἢ

59 2236 126 2297 τοὺς
155 2232 372 2305 δνδνροιμβικοδς
399 2232 481 2302 λέγει,
512 2229 530 2302 ἢ
557 2235 622 2298 τοὺς
649 2233 784 2301 κωμικοὺς
814 2233 946 2302 ποιητάς·

60 2317 139 2378 οὖτοι
162 2322 214 2390 γὰρ
239 2318 267 2375 έν
288 2328 349 2385 ταῖς
371 2323 420 2376 τοῦ
439 2321 575 2377 Διονύσου
594 2329 712 2386 τελεταῖς
733 2325 768 2377 τὰ
788 2319 880 2376 αάτοῑν
899 2324 947 2386 εἰς·

60 2414 131 2482 ἦγον
150 2409 279 2478 δράματα
298 2409 344 2464 καλ
362 2412 427 2473 τοὺς
445 2409 630 2480 ἰδνφατικοδς
647 2405 757 2480 όμνονς.
795 2417 832 2468 Μ.

134 2505 197 2554 121.
233 2501 363 2564 μοῦνος
389 2494 448 2555 ὅδε
472 2498 660 2569 προτέρων.
691 2493 781 2564 Οὗτος
804 2502 858 2555 τῶν
882 2521 946 2568 προ-

61 2588 149 2654 τέρων
173 2587 219 2642 καλ
242 2589 297 2641 τιόν
324 2585 424 2643 ἑαυτοῦ
450 2588 560 2643 πάντων
589 2589 731 2659 προγόνων
759 2588 807 2644 έτι
834 2589 949 2656 δερμά

61 2676 161 2744 κονίη
181 2673 220 2730 έτι
238 2679 329 2746 θερμὴ
348 2673 367 2746 ἡ
385 2676 499 2740 σποδός·
520 2671 562 2731 ὅτι
580 2678 797 2742 πολλοδςναοδς
810 2678 948 2747 ἱδρύσατο,

61 2766 108 2819 καὶ
128 2763 215 2828 λόκως
232 2763 262 2820 δέ
281 2764 309 2820 έν
326 2767 363 2838 τῷ
381 2766 442 2835 περλ
455 2765 592 2835 Νέστορος
611 2763 734 2835 ἐποίησεν
750 2764 765 2822 ὁ
780 2767 948 2836 Φιλάδελφος

62 2855 147 2924 φησλν
166 2846 248 2918 οὗτος
269 2851 426 2926 ᾠκοδόμησε
449 2852 479 2908 δέ
505 2855 551 2909 καλ
578 2857 633 2909 τῶν
659 2853 760 2923 γονέων
786 2853 950 2925 οἷμφοτέρων

61 2941 228 3012 παμμεγέθη
246 2943 315 2998 ναόν
332 2943 377 2997 καλ
396 2948 456 3007 ταῖς
474 2939 607 3012 α’δελφαῖς
623 2939 743 3013 Ἀρσινόη
762 2947 806 3000 καλ
823 2947 948 3015 Φωτήροι.

64 3063 98 3074 -
113 3030 130 3070 *⁸
143 3033 333 3099 (Τρικλινλου.)
357 3032 396 3087 Τδ
412 3032 525 3087 εἴσοιτο
540 3029 599 3087 άντλ
612 3034 659 3087 τοῦ
673 3028 816 3102 άνέδηκεν,
837 3032 949 3114 ἔκτισεν·

64 3121 128 3176 εἴδω
148 3119 200 3190 γάρ
217 3119 250 3174 τό
267 3122 364 3188 κτλζω,
393 3117 409 3175 ό
427 3119 529 3188 μέλλων
549 3121 627 3190 ελοω,
656 3117 671 3176 ό
691 3117 817 3188 άόριστος
834 3118 948 3183 εῐσα,’ὁ

64 3208 144 3276 μέσος
168 3206 294 3278 εἰσάμην,
322 3229 357 3276 ω,
383 3227 450 3264 ατο·
479 3210 535 3265 Ka!
554 3203 696 3280 Ὅμηρος’
721 3208 849 3280 Ἀρτέμιδ
867 3209 949 3266 εἴσατ’

66 3293 181 3366 ἄγαλμα.
218 3303 256 3354 Μ.

137 3386 233 3440 ΗΜ).
272 3386 413 3462 άγοστῷ.
443 3385 558 3459 άγοστός
581 3387 596 3446 ὁ
624 3385 694 3460 ἄγαν
721 3387 843 3460 ὀστώδης
866 3389 949 3453 τόπος
